1946 3116
439 114 657 164 Gnaeus
695 114 990 181 Pompeius
1029 115 1275 182 spsagmcs
1582 124 1649 183 63

58 306 182 348 renti
218 301 425 361 conlega
462 299 620 358 datus,
650 299 913 361 Pompeius
948 300 1179 347 adversus
1216 302 1484 349 Serterium
1521 303 1654 350 varie

58 394 235 437 eventa
288 389 553 436 dimicavit.
644 389 917 435 Maximum
971 389 1039 437 ibi
1091 389 1141 435 in
1201 390 1388 450 proelie
1437 392 1654 451 quedam

57 478 327 540 periculum
368 477 545 536 subiit,
591 492 704 523 cum
748 477 878 524 enim
921 477 993 524 vir
1034 483 1168 525 vasta
1206 480 1425 540 corporis
1469 480 1654 542 magni-

57 566 227 614 tfidine
265 566 507 627 impetum
544 566 594 612 in
631 581 745 613 eum
783 567 999 625 fecisset,
1029 567 1292 628 Pompeius
1324 583 1523 614 manum
1553 584 1653 615 am-

58 656 275 718 putavit3
327 655 416 702 sed
466 656 626 702 multis
674 656 724 702 in
772 671 886 702 eum
935 657 1340 704 concurrentibus
1387 657 1558 705 vulnus
1606 658 1656 705 in

58 746 245 792 femore
282 744 476 805 accepit
514 752 563 791 et
599 750 627 792 a
663 750 758 792 suis
789 745 1085 807 fugientibus
1117 744 1338 793 desertus
1364 746 1414 792 in
1439 746 1654 794 hostium

58 839 301 896 potestate
336 841 453 880 erat.
525 835 590 880 At
632 842 828 896 praeter
870 850 1010 895 spem
1054 835 1236 894 evasit,
1287 835 1481 882 barbari
1524 836 1655 882 enim

58 938 239 984 equum
283 923 385 970 eius
429 927 546 970 aure
594 923 903 985 phalerisque
947 924 1134 971 eximiis
1174 929 1464 971 instrsictum
1507 929 1653 986 cepe-

58 1020 180 1059 rant.
253 1013 386 1058 Dum
431 1012 575 1074 igitur
617 1012 854 1074 praedam
898 1013 1024 1060 inter
1066 1017 1118 1060 se
1166 1013 1458 1061 altercantes
1507 1014 1653 1075 parti-

57 1110 216 1160 untur,
256 1102 521 1162 Pompeius
567 1107 737 1148 eerum
780 1107 952 1149 manas
997 1102 1183 1164 effagit.
1255 1102 1423 1150 Altere
1466 1103 1655 1164 proelie

57 1206 171 1237 cum
221 1191 453 1238 Metellus
497 1192 737 1253 Pompeis)
780 1192 1021 1239 laberanti
1063 1192 1240 1239 auxilie
1283 1192 1510 1251 venisset,
1549 1194 1653 1240 Ser-

58 1280 207 1328 terius
250 1280 485 1328 recedere
530 1287 729 1328 coactus
774 1281 952 1328 deisse
993 1282 1171 1328 fertur:
1225 1282 1379 1328 “Nisi
1419 1297 1537 1329 anus
1577 1282 1657 1328 illa

57 1371 431 1432 supervenisset,
472 1386 563 1432 ego
600 1371 731 1418 hunc
780 1386 988 1433 puerum
1034 1371 1318 1418 verberibus
1366 1377 1654 1433 castigatum

631 1462 658 1481 ἲ)

58 1462 271 1508 Remam
309 1460 620 1508 dimisissem.
731 1461 990 1508 Metellum
1027 1476 1175 1507 anum
1213 1461 1509 1522 appellabat,
1540 1461 1656 1522 quia

56 1550 110 1609 is,
137 1550 234 1596 iam
262 1565 426 1608 senex,
455 1550 518 1597 ad
556 1550 756 1598 mollem
795 1558 843 1598 et
881 1550 1216 1597 effeminatam
1252 1556 1401 1597 vitam
1440 1550 1653 1598 deflexe-

57 1647 144 1686 rat.
217 1640 429 1687 Serterie
466 1640 726 1687 interfecte
765 1640 1030 1701 Pompeius
1069 1640 1365 1702 Hispaniam
1402 1641 1604 1701 recepit.

125 1730 252 1776 Cum
285 1734 468 1791 piratae
495 1730 574 1776 illa
607 1734 901 1790 tempestate
928 1730 1081 1776 maria
1106 1730 1273 1777 omnia
1296 1730 1581 1777 infestarent
1607 1737 1655 1776 et

57 1818 295 1880 quasdam
333 1820 481 1865 etiam
520 1813 691 1866 Ttaliae
728 1820 873 1867 urbes
911 1819 1238 1880 diripuissent,
1265 1819 1329 1866 ad
1367 1824 1450 1866 ees
1488 1819 1652 1881 oppri-

56 1908 264 1955 mendes
314 1924 428 1954 cum
476 1909 685 1970 imperie
735 1909 1121 1956 extraerdinarie
1171 1915 1343 1956 missus
1393 1917 1465 1956 est
1508 1910 1651 1956 Pom-

56 1997 210 2058 peius.
297 1998 494 2045 Nimiae
543 1998 631 2044 viri
684 1998 936 2059 potentiae
991 1998 1295 2046 obsistebant
1342 1998 1544 2059 quidam
1593 2013 1653 2044 ex

56 2086 375 2147 optimatibus
414 2095 461 2133 et
497 2087 736 2148 imprimis
780 2087 991 2147 Quintus
1023 2088 1240 2135 Catulus.
1315 2087 1413 2147 Qui
1450 2102 1564 2133 cum
1603 2087 1652 2133 in

57 2175 288 2222 centiene
339 2175 553 2234 dixisset,
593 2191 700 2223 esse
749 2176 951 2236 quidem
1001 2176 1306 2237 praeclarum
1355 2176 1508 2222 virum
1557 2176 1649 2223 Cn.

57 2265 366 2325 Pompeium,
394 2265 481 2312 sed
521 2269 621 2312 nen
661 2280 766 2312 esse
807 2269 889 2311 fini
927 2266 1094 2312 omnia
1137 2264 1411 2323 tribuenda,
1445 2264 1648 2312 adiecis-

56 2360 243 2414 setque,
307 2354 402 2401 “Si
441 2353 561 2414 quid
604 2354 717 2400 huic
759 2354 1010 2413 acciderit,
1055 2370 1204 2415 quem
1247 2354 1297 2401 in
1340 2354 1442 2401 eius
1485 2354 1650 2402 locum

56 2442 440 2489 substituetis?''
501 2448 694 2491 summe
754 2448 997 2491 censensi—1
1056 2443 1370 2490 succlamavit
1428 2444 1651 2490 finiversa

57 2530 253 2578 centia:
296 2534 326 2556 “
342 2533 431 2590 Te,
472 2532 655 2592 Quinte
693 2532 916 2580 Catule.’'
987 2533 1112 2578 Tam
1156 2532 1429 2579 honerifice
1473 2532 1650 2579 civium

82 2746 114 2781 8.
142 2745 326 2791 phaleris,
345 2748 557 2795 trappz'ngs.
1044 2757 1100 2794 15.
1128 2748 1301 2791 mollem,
1321 2748 1407 2794 soft,
1429 2747 1625 2792 unmanly.

60 2817 114 2843 11.
143 2807 350 2854 lab5ranti,
370 2810 411 2844 in
430 2810 601 2846 distress.
1042 2821 1100 2846 20.
1126 2809 1284 2854 nimiae,
1303 2809 1506 2846 excessive.

1694 1132 1736 1155 10

1694 1570 1733 1608 Ι5

1689 2022 1735 2046 20

1688 2471 1729 2509 25
