1946 3116
439 129 642 182 Caesar
681 130 1017 182 Octavianus
1057 132 1346 199 Augustus
1626 136 1693 198 87

101 316 265 363 culum
294 315 358 363 ad
391 316 623 363 lectulum
658 317 846 378 recepit
880 324 929 364 et
961 324 1014 363 ut
1047 316 1304 364 dominum
1335 318 1497 365 occidi
1526 333 1694 379 passus

99 413 188 453 est.
250 408 278 429 “
298 404 481 465 Quanti
506 405 593 451 viri
619 407 741 463 est,''
764 404 903 452 addit
930 406 1132 464 Seneca,
1155 409 1309 452 “cum
1335 406 1557 467 praemia
1581 411 1692 468 pre-

98 494 298 541 ditienis
347 493 564 555 ingentia
612 493 950 553 ostendantur,
995 494 1269 556 praemium
1318 493 1435 542 fidei
1482 503 1693 542 mortem

98 589 448 645 concupiscere
473 586 481 630 1
503 584 528 604 ”

166 673 463 721 Octevieinus
490 671 672 719 deinde
706 673 777 719 M.
806 673 1023 730 Brutum,
1051 671 1419 720 interfecterem
1454 673 1690 733 Caesaris,
1731 685 1747 723 5

97 763 226 810 belle
263 766 549 824 persecfltus
586 761 638 809 id
682 761 880 819 bellum,
919 776 1220 822 quamquam
1265 762 1503 809 invalidus
1545 770 1692 823 atque

96 867 256 913 aeger,
295 851 480 913 duplici
522 851 711 912 proelie
756 850 1021 912 transegit,
1071 855 1280 911 querum
1323 852 1484 912 priere
1525 857 1692 899 castris

98 945 268 988 exiitus
292 941 372 988 vix
406 941 519 1002 fuge
548 941 715 987 evasit.
786 941 958 986 Victor
992 940 1306 987 acerbissime
1341 944 1391 987 se
1424 940 1604 1001 gessit,
1643 941 1693 987 in

96 1030 453 1077 nebilissimum
479 1045 726 1091 quemque
754 1035 1003 1091 captivum
1029 1033 1130 1075 nen
1156 1029 1261 1076 sine
1287 1029 1548 1076 verberum
1573 1045 1690 1077 con-

95 1119 296 1166 tumelia
343 1119 525 1166 saeviit.
609 1107 708 1167 Uni
767 1118 1054 1180 suppliciter
1113 1118 1411 1179 sepulteram
1471 1124 1693 1179 precanti
1731 1137 1774 1161 ιο

95 1207 408 1269 respondisse
436 1208 626 1267 dicitur,
650 1208 747 1254 iam
773 1208 916 1255 istam
942 1208 992 1254 in
1018 1208 1271 1255 volucrum
1299 1208 1401 1255 fore
1429 1213 1690 1269 potestate.

95 1298 244 1356 Alies,
281 1305 473 1359 patrem
511 1306 559 1344 et
596 1297 768 1356 filium,
807 1302 895 1359 pre
933 1302 1030 1344 vita
1065 1301 1308 1359 rogantes,
1347 1303 1506 1344 sortiri
1542 1298 1692 1344 fertur

94 1387 303 1445 iussisse,
341 1395 394 1433 ut
431 1387 646 1434 alterutri
691 1387 1063 1445 concederetur,
1103 1403 1161 1433 ac
1216 1402 1330 1433 cum
1383 1394 1538 1448 patre,
1576 1387 1692 1447 quia

93 1480 146 1523 se
183 1476 439 1534 obtulerat,
475 1481 641 1523 occise
677 1476 806 1523 filius
840 1491 1038 1537 quoque
1072 1476 1344 1523 volunta‘ria
1377 1476 1691 1524 occubuisset

92 1580 232 1623 nece,
260 1570 506 1626 spectasse
533 1573 792 1626 utrumque
831 1566 1141 1612 morientem.
1215 1554 1369 1613 &rare
1395 1566 1588 1613 veniam
1612 1565 1691 1613 vel
1729 1587 1768 1625 15

95 1658 325 1701 excfisere
353 1658 404 1701 se
438 1654 728 1702 cenantibus
762 1658 859 1701 sina
883 1659 1007 1701 vece
1043 1656 1348 1713 occurrebat,
1377 1654 1689 1702 moriendum

93 1758 215 1790 esse.
287 1744 514 1791 Scribunt
558 1742 776 1804 quidam,
820 1748 1069 1791 trecentes
1114 1759 1174 1791 ex
1216 1743 1461 1791 deditiCiis
1505 1745 1688 1792 electes

92 1832 156 1879 ad
181 1837 314 1879 eram
345 1831 457 1879 dive
491 1832 616 1879 Iulie
654 1837 951 1880 exstrfictam
985 1821 1158 1880 idibus
1194 1833 1381 1880 Martiis
1419 1833 1688 1880 hostiarum

92 1925 229 1968 mere
263 1926 515 1968 mectEtes.

157 2010 473 2058 Abalienatus
507 2015 681 2072 postea
714 2018 787 2057 est
824 2010 886 2058 ab
923 2011 1155 2071 Antenie,
1182 2011 1319 2072 quod
1356 2011 1395 2058 is
1433 2011 1688 2073 repudiata
1723 2032 1769 2057 20

91 2099 299 2148 Octavia
344 2104 511 2147 sorere
555 2100 890 2160 Cleopatram,
934 2102 1146 2162 Aegypti
1193 2104 1425 2162 reginam,
1470 2101 1688 2148 dexisset

89 2193 293 2235 uxerem
313 2205 326 2247 3
365 2203 490 2249 quae
517 2188 721 2249 quidem
753 2189 926 2235 mulier
950 2205 1063 2235 cum
1090 2190 1307 2236 Antenie
1337 2190 1450 2236 luxu
1483 2198 1532 2236 et
1565 2189 1686 2237 deli-

89 2277 175 2324 ciis
201 2277 436 2325 certabat.
508 2265 622 2325 Una
647 2282 698 2324 se
720 2282 842 2324 cene
862 2279 1083 2325 centiens
1105 2279 1380 2325 sestertium
1401 2279 1684 2340 absumpti-i·

88 2382 191 2412 ram
228 2365 494 2427 aliquande
533 2366 737 2413 dixerat.
811 2367 1056 2428 Cupiebat
1090 2367 1281 2414 discere
1312 2368 1568 2426 Antenius,
1597 2367 1685 2415 sed

88 2455 192 2502 fieri
224 2470 371 2516 posse
410 2459 510 2502 nen
549 2455 886 2503 arbitretbetur.
960 2457 1162 2503 Postere
1200 2456 1344 2517 igitur
1379 2456 1461 2503 die
1498 2456 1682 2518 magni·
1720 2482 1762 2520 25

88 2544 234 2590 ficam
277 2544 393 2591 alies
438 2547 628 2603 cenam,
673 2543 762 2591 sed
805 2544 1127 2591 cottidienam
1169 2545 1394 2592 Antenie
1438 2545 1682 2606 apposuit,

90 2693 120 2720 1.
147 2683 347 2726 lectulum,
367 2684 494 2726 coum,
513 2684 593 2720 bed.
962 2694 1017 2729 19.
1045 2684 1250 2727 meme-nes,
1269 2685 1528 2731 slauglztered.

86 2757 120 2791 4.
149 2748 443 2791 concupiscere,
464 2745 568 2781 inch.
590 2745 634 2780 of
648 2745 781 2791 cupie.
959 2757 1017 2792 23.
1045 2746 1220 2781 centiens
1247 2747 1483 2790 sestertifim,
1506 2751 1567 2782 ten
1594 2747 1682 2782 mil-

90 2819 143 2853 17.
172 2807 533 2854 dediticiis(dede),
539 2808 739 2854 prisonem
752 2808 898 2855 oswar·
1008 2809 1088 2843 lfon
1109 2812 1285 2844 sesterces
1306 2809 1445 2854 (about
1465 2808 1681 2855 3410900).
