1946 3116
116 1139 159 1163 10

115 1586 155 1625 Ι5

111 2035 158 2059 20

109 2479 152 2517 25

196 135 263 173 22
567 121 730 174 Urbis
769 123 981 173 Romae
1024 121 1146 174 Vim·
1181 121 1437 172 Illustres

194 307 550 370 cupiditatibus
585 299 843 371 'imperare
892 313 1086 371 potero,
1136 308 1258 355 nihil
1306 308 1428 355 mihi
1476 306 1669 368 deerit3
1717 311 1806 356 vos

195 406 362 446 autem
398 399 664 460 pecuniam
701 398 765 446 ad
804 403 905 458 eos,
943 404 1027 460 qui
1065 398 1155 445 hac
1192 397 1433 460 indigent,
1472 398 1770 460 reportate.''

263 488 416 537 Gaius
461 489 714 536 Fabricius
757 504 872 535 cum
910 488 1115 547 Rufino,
1154 488 1258 535 viro
1298 488 1466 547 nobili,
1506 488 1806 537 simultatem

194 579 396 640 gerebat
434 579 499 626 ob
537 583 732 625 morum
770 577 1239 637 dissimilitudinem,
1267 594 1381 624 cum
1419 579 1525 640 ipse
1562 579 1805 640 pecuniae

196 677 514 731 contemptor
541 677 684 727 esset,
712 668 792 715 hic
818 674 990 717 avarus
1016 677 1064 716 et
1092 668 1231 715 furax
1252 668 1625 716 existimaretur.
1677 669 1808 730 Quia

195 767 362 806 tamen
391 759 601 806 Rufinus
628 759 894 807 industrius
928 775 987 806 ac
1022 760 1181 807 bonus
1219 759 1488 821 imperator
1525 768 1645 819 erat,
1672 764 1806 821 mag-

193 865 414 911 numque
452 858 501 897 et
537 865 683 911 grave
723 850 907 898 bellum
945 849 1204 896 imminere
1242 849 1513 909 videbatur,
1553 849 1807 897 Fabricius

195 948 366 987 auctor
393 940 496 999 fuit,
517 948 570 987 ut
598 940 811 987 Rufinus
831 940 1003 987 consul
1030 944 1292 998 crearetur,
1315 954 1528 1001 cumque
1554 939 1594 986 is
1621 938 1806 987 deinde

196 1030 423 1078 Fabricio
450 1031 629 1092 gratias
656 1039 839 1093 ageret,
867 1030 1004 1092 quod
1031 1034 1082 1077 se
1110 1030 1262 1077 homo
1293 1030 1520 1077 inimicus
1551 1029 1807 1077 consulem

195 1119 410 1179 fecisset,
439 1120 517 1167 hic
556 1120 830 1182 respondit,
856 1124 959 1168 non
997 1135 1103 1167 esse
1143 1119 1439 1179 mirandum,
1478 1124 1516 1166 si
1553 1119 1808 1181 compilari

195 1226 345 1272 quam
370 1214 536 1257 vcnire
565 1211 830 1258 maluisset.
896 1210 1129 1258 Eundem
1156 1214 1332 1271 postea
1358 1209 1611 1257 Fabricius
1633 1213 1808 1257 cEnsor

195 1300 352 1348 factus
378 1305 550 1348 senatu
578 1301 747 1360 movit,
775 1300 912 1362 quod
950 1305 1140 1362 argenti
1171 1300 1287 1346 facti
1318 1299 1497 1346 decem
1525 1298 1696 1361 pondo
1723 1299 1806 1346 ha-

195 1390 350 1438 beret.
422 1390 675 1438 Fabricius
715 1406 919 1438 omnem
958 1395 1107 1437 vitam
1158 1390 1207 1436 in
1255 1389 1466 1451 gloriosa
1513 1394 1807 1451 paupertate

195 1480 358 1542 exegit
392 1480 619 1542 adeoque
645 1480 789 1542 inops
816 1479 1045 1538 decessit,
1072 1487 1141 1539 ut,
1168 1478 1301 1526 unde
1341 1479 1432 1526 dos
1471 1478 1685 1526 filiarum
1723 1494 1805 1526 ex-

194 1569 460 1631 pediretur,
505 1574 606 1617 non
654 1570 969 1632 relinqueret.
1043 1570 1250 1617 Senatus
1300 1568 1452 1630 patris
1502 1569 1593 1616 sibi
1641 1572 1805 1630 partes

194 1658 468 1721 desumpsit
495 1668 543 1706 et
568 1659 693 1707 datis
720 1675 780 1706 ex
806 1659 993 1706 aerario
1020 1658 1219 1707 dotibus
1246 1658 1368 1705 filias
1395 1658 1690 1706 conlocavit.

263 1749 473 1811 Pyrrhus
501 1765 615 1796 cum
643 1748 876 1796 adversus
903 1751 1159 1796 Romanos
1186 1763 1359 1810 parum
1385 1748 1722 1810 profecturum
1754 1752 1806 1796 se

193 1837 519 1901 intellegeret,
559 1839 773 1887 Siciliam
812 1838 1023 1886 dicionis
1062 1854 1177 1885 suae
1217 1838 1378 1885 facere
1422 1838 1604 1886 statuit.
1678 1837 1805 1886 Inde

194 1928 390 1976 rediens
433 1944 547 1975 cum
592 1929 779 1976 Locros
829 1929 983 1975 classe
1032 1928 1506 1989 praeterveheretur,
1550 1928 1805 1976 thesauros

194 2018 296 2064 fani
325 2018 649 2079 Proserpinae
687 2018 898 2065 intactos
937 2016 1002 2064 ad
1040 2033 1150 2065 eam
1188 2017 1322 2064 diem
1359 2017 1585 2079 spoliavit
1603 2035 1617 2078 3
1656 2026 1804 2079 atque

193 2108 262 2154 ita
303 2108 515 2169 pecunia
556 2108 606 2155 in
648 2113 797 2156 naves
839 2108 1073 2169 imposita
1112 2108 1216 2169 ipse
1256 2112 1384 2154 terra
1421 2115 1494 2154 est
1534 2107 1802 2169 profectus.

195 2196 329 2257 Quid
362 2202 478 2259 ergo
509 2197 707 2244 Evenit?
778 2198 958 2245 Classis
997 2201 1198 2259 postero
1237 2197 1318 2244 die
1355 2196 1642 2244 foedissima
1677 2205 1801 2244 tem-

192 2291 383 2348 pestate
409 2287 622 2334 lacerata
651 2291 925 2348 omnesque
956 2291 1119 2346 naves,
1147 2302 1274 2348 quae
1311 2302 1500 2333 sacram
1537 2286 1802 2348 pecuniam

192 2375 459 2435 habebant,
497 2376 547 2422 in
586 2377 728 2423 litora
767 2377 1039 2423 Locrorum
1082 2376 1271 2423 eiectae
1313 2384 1439 2423 sunt.
1513 2376 1625 2436 Qua
1666 2380 1803 2423 tanta

193 2463 333 2511 clade
361 2464 568 2512 edoctus
595 2464 800 2512 tandem
827 2465 949 2512 deos
988 2480 1110 2523 esse,
1139 2465 1514 2526 superbissimus
1540 2469 1624 2511 rex
1649 2469 1799 2526 pecii-

192 2554 325 2600 niam
368 2569 570 2601 omnem
608 2560 934 2616 conquisitam
973 2554 1023 2601 in
1061 2554 1232 2601 fanum
1272 2554 1595 2615 Proserpinae
1633 2554 1802 2601 referri

193 2642 344 2690 iussit.
406 2644 515 2690 Nec
541 2652 710 2690 tamen
735 2644 802 2690 illi
827 2659 1062 2705 umquam
1081 2648 1304 2704 prosperi
1324 2643 1596 2704 quidquam
1618 2644 1798 2703 Evenit,

192 2732 457 2794 pulsusque
486 2720 631 2780 ltalia
655 2733 859 2794 ignobili
884 2741 1043 2780 morte
1070 2732 1319 2781 occubuit.
