1946 3116
485 134 724 185 Publius
769 133 1050 186 Cornelius
1100 136 1280 203 Scipio
1596 152 1657 205 35

65 327 201 371 soros
221 340 234 382 3
282 327 365 383 qui
404 326 504 368 non
544 321 786 380 iuraverit,
828 321 878 367 in
917 325 968 368 so
1008 321 1137 368 hunc
1180 323 1399 384 gladium
1442 326 1662 375 strictum

66 427 170 459 esse
196 411 365 458 sciat.’'
439 409 591 456 Haud
619 425 759 457 secus
785 410 964 470 pavidi,
992 425 1140 471 quam
1179 416 1217 458 si
1246 415 1484 460 victorem
1523 418 1660 464 Han-

63 500 277 548 nibalem
309 507 581 558 cernerent,
608 499 766 546 iorant
803 503 975 546 omnos
1013 499 1468 564 custodiendosque
1506 509 1662 554 somet

63 590 194 651 ipsos
221 589 437 650 Scipioni
462 587 676 635 tradunt.

131 679 259 725 Cum
286 679 498 724 Romoni
524 676 643 724 duas
671 676 836 724 clodos
862 677 913 723 in
940 678 1183 739 Hispania
1208 682 1515 743 accepissent
1539 683 1660 732 duo-

63 783 157 829 que
185 767 252 814 ibi
277 771 455 813 summi
479 766 799 826 imperatoros
829 766 955 813 intra
981 767 1086 815 dios
1121 771 1314 832 triginta
1350 773 1660 833 cecidissent,

64 855 246 918 placuit
281 855 551 902 exercitum
589 859 754 916 angori
791 860 950 917 eoque
988 860 1334 918 proconsulem
1373 862 1499 909 mitti
1516 879 1529 922 ,·
1567 878 1661 909 nec

62 955 230 992 tamen
255 959 401 1005 quem
429 944 698 1003 mitterent,
726 945 840 992 satis
870 948 1142 995 constabat.
1211 950 1285 996 ΕΞ
1309 949 1373 997 do
1398 955 1450 998 ro
1475 951 1661 999 indicta

62 1043 172 1082 sunt
198 1034 413 1082 comitia.
470 1035 632 1081 Primo
658 1035 869 1096 populus
896 1038 1227 1098 exspectabat,
1248 1047 1316 1097 ut,
1338 1045 1420 1101 qui
1444 1044 1497 1087 so
1523 1045 1660 1088 tanto

61 1124 233 1185 dignos
254 1124 461 1184 imperio
483 1123 758 1185 crederent,
772 1126 975 1173 nomina
990 1127 1338 1188 profiterentur
1356 1146 1369 1187 3
1407 1128 1495 1176 sed
1511 1133 1659 1177 nomo

60 1213 274 1260 audobat
304 1213 422 1260 illud
459 1213 721 1275 imperium
759 1216 1022 1277 suscipere.
1095 1218 1288 1263 Maesta
1324 1217 1467 1279 igitur
1491 1219 1657 1266 civitas

62 1319 119 1350 ac
156 1318 313 1365 prope
351 1303 493 1364 inops
531 1304 721 1351 consilii
757 1305 1070 1352 comitiorum
1108 1304 1190 1352 dio
1226 1306 1276 1352 in
1308 1322 1540 1368 campum
1571 1307 1657 1355 do-

62 1394 270 1441 scendit.
343 1394 513 1441 Subito
552 1395 604 1440 P.
641 1394 898 1441 Cornelius
935 1394 1113 1456 Scipio,
1140 1403 1370 1456 quattuor
1407 1404 1457 1443 et
1491 1397 1659 1458 viginti

61 1484 212 1530 fermo
238 1488 391 1531 annos
417 1488 572 1543 notus,
600 1483 844 1544 professus
871 1487 923 1530 so
949 1491 1134 1545 petere,
1161 1484 1210 1530 in
1236 1485 1502 1546 superiore,
1523 1485 1656 1533 unde

60 1573 279 1634 conspici
304 1581 483 1634 posset,
512 1574 624 1620 loco
662 1573 896 1620 constitit.
970 1574 1029 1619 In
1066 1588 1213 1634 quem
1252 1582 1513 1635 postquam
1552 1591 1654 1622 om-

59 1662 194 1709 nium
231 1667 315 1709 ora
351 1678 588 1709 conversa
626 1670 753 1721 sunt,
781 1661 844 1708 ad
884 1666 1034 1708 finum
1074 1666 1246 1710 omnos
1286 1664 1567 1724 Scipionem
1607 1665 1656 1711 in

61 1751 305 1812 Hispania,
329 1752 675 1813 proconsulem
702 1767 808 1799 esse
836 1751 1092 1798 iussorunt.
1163 1753 1228 1798 At
1252 1760 1516 1813 postquam
1553 1754 1652 1800 ani-

59 1845 251 1887 morum
277 1841 489 1902 impetus
519 1840 716 1899 resodit,
742 1841 981 1901 populum
1019 1842 1301 1887 Romonum
1338 1842 1505 1903 coepit
1541 1843 1656 1889 facti

58 1930 307 1990 paenitore
327 1947 340 1989 ,-
390 1935 537 1976 aetati
575 1929 816 1991 Scipionis
856 1929 1068 1977 maximo
1107 1929 1416 1978 diffidebant.
1503 1931 1653 1991 Quod

58 2018 142 2065 ubi
183 2018 530 2066 animadvertit
578 2019 757 2080 Scipio,
802 2018 1043 2066 advocato
1090 2019 1321 2066 contione
1365 2020 1432 2067 ita
1475 2025 1652 2082 magno

58 2107 283 2168 {latoque
311 2108 474 2155 animo
501 2107 565 2155 do
590 2109 735 2167 bello,
763 2107 898 2169 quod
935 2108 1208 2170 gerendum
1240 2117 1384 2167 esset,
1411 2109 1651 2169 disseruit,

56 2203 109 2242 ut
133 2196 357 2243 hominos
383 2202 499 2244 coro
522 2197 746 2245 liberaret
772 2201 957 2258 spoque
983 2197 1254 2244 certissima
1278 2198 1519 2259 imploret.

125 2286 378 2333 Profectus
404 2286 548 2347 igitur
572 2286 622 2332 in
649 2286 945 2347 Hispaniam
971 2287 1133 2347 Scipio
1161 2287 1510 2349 Carthoginem
1549 2290 1650 2336 No—

55 2389 182 2433 vam,
226 2379 325 2435 quo
368 2373 449 2421 dio
490 2375 639 2433 vonit,
685 2375 994 2436 expfignaivit.
1090 2377 1164 2422 Eo
1207 2385 1472 2438 congestae
1515 2386 1653 2424 erant

56 2467 227 2510 omnos
270 2478 428 2524 paene
471 2452 666 2510 [Xfricae
711 2472 759 2510 et
803 2464 1075 2525 Hispaniae
1114 2469 1249 2526 opos,
1288 2465 1355 2513 ibi
1398 2481 1546 2525 arma,
1585 2466 1652 2514 ibi

56 2552 280 2612 pecfinia,
302 2553 370 2600 ibi
395 2557 542 2600 totius
568 2553 841 2614 Hispaniae
867 2553 1066 2601 obsidos
1094 2562 1230 2601 erant
1249 2571 1262 2613 ,·
1290 2555 1467 2616 quibus
1494 2556 1649 2602 omni-

55 2641 145 2688 bus
175 2646 358 2701 potitus
394 2649 468 2688 est
503 2641 683 2703 Scipio.
756 2643 891 2689 Inter
926 2647 1145 2703 captivos
1182 2642 1246 2690 ad
1285 2659 1397 2690 eum
1434 2643 1652 2691 adducta

57 2737 130 2776 est
170 2729 376 2776 eximiae
417 2730 605 2777 formae
645 2730 814 2778 adulta
852 2731 1002 2792 virgo.
1077 2732 1239 2792 Quam
1282 2732 1366 2780 ubi
1408 2734 1650 2794 comperit

55 2817 241 2864 inlfistri
265 2818 375 2866 loco
402 2819 526 2865 inter
546 2819 820 2867 Celtiboros
839 2825 1004 2866 natam
1030 2821 1338 2882 principique
1365 2822 1466 2868 oius
1491 2822 1649 2883 gentis

1699 1149 1742 1174 10

1696 1599 1735 1637 Ι5

1690 2039 1736 2064 20

1688 2482 1730 2520 25
