1946 3116
544 133 771 183 Marcus
820 134 1037 185 Tullius
1080 135 1127 188 C
1125 137 1259 188 icero
1625 154 1694 208 79

102 319 452 381 philosophum
495 318 713 366 studiose
757 319 956 366 audivit.
1031 321 1155 368 Inde
1196 323 1506 384 eloquentiae
1550 332 1695 374 causa

102 407 338 455 Rhodum
377 411 429 454 se
469 407 689 466 contulit,
722 407 804 455 ubi
845 409 1119 468 Molonem,
1159 412 1406 458 Graecum
1447 413 1693 461 rhetorem

101 504 205 543 tum
244 495 634 555 disertissimum,
674 497 959 557 magistrum
999 497 1183 546 habuit.
1258 500 1355 560 Qui
1398 516 1510 547 cum
1551 503 1693 551 Cice-

100 589 272 632 ronem
322 585 571 632 dicentem
621 585 898 643 audivisset,
944 586 1132 634 flevisse
1181 587 1374 647 dicitur,
1425 590 1560 652 quod
1607 607 1695 653 per

100 674 230 720 hunc
268 675 476 721 Graecia
513 674 824 735 eloquentiae
862 674 1007 721 laude
1045 681 1328 737 privaretur.

169 764 382 810 Romam
431 778 647 810 reversus
697 771 929 824 quaestor
983 764 1196 811 Siciliam
1249 766 1432 814 habuit.
1506 769 1694 817 Nullius

98 856 214 899 veto
252 856 513 913 quaestura
550 860 632 898 aut
668 852 851 914 gratior
887 861 969 899 aut
1009 853 1182 901 clarior
1218 855 1306 902 fuit
1325 873 1337 914 3
1376 871 1488 903 cum
1519 863 1696 920 magna

99 949 203 988 tum
241 949 370 988 esset
406 945 630 987 annonae
675 940 951 1000 difficultas,
980 942 1119 990 initio
1157 944 1390 992 molestus
1429 954 1530 993 erat
1567 947 1696 994 Sicu-

98 1031 169 1089 lis,
209 1035 331 1092 quos
379 1034 578 1091 cogeret
629 1030 873 1077 frumenta
921 1031 970 1077 in
1016 1032 1189 1079 urbem
1238 1034 1462 1094 mittere3
1522 1041 1696 1097 postea

98 1122 230 1178 veto,
257 1119 558 1180 diligentiam
600 1127 650 1166 et
686 1119 921 1167 iristitiam
960 1128 1009 1168 et
1047 1122 1334 1169 comitatem
1361 1124 1461 1170 eius
1488 1131 1693 1186 experti,

99 1208 310 1256 maiores
347 1213 593 1270 quaestori
629 1213 716 1255 suo
755 1209 967 1256 honoreS
1005 1225 1154 1271 quam
1188 1212 1271 1258 filli
1294 1228 1529 1274 umquam
1555 1229 1692 1276 prae-

100 1302 193 1344 tori
240 1297 534 1344 detulerunt.
608 1292 650 1344 E
701 1298 863 1345 Sicilia
911 1314 1129 1346 reversus
1181 1301 1394 1347 Romam
1444 1302 1493 1348 in
1540 1308 1694 1350 causis

100 1386 320 1433 dicendis
362 1386 430 1433 ita
472 1386 646 1445 floruit,
686 1395 739 1434 ut
780 1387 906 1434 inter
948 1392 1120 1436 omnEs
1163 1394 1418 1437 causarum
1462 1396 1694 1452 patronos

101 1484 150 1523 et
186 1483 315 1522 esset
352 1484 400 1522 et
437 1475 699 1523 habEretur
737 1482 982 1539 princeps.

167 1565 352 1613 Consul
393 1564 575 1612 deinde
616 1566 771 1613 factus
822 1567 876 1613 L.
928 1567 1081 1629 Sergii
1123 1568 1362 1615 Catilinae
1403 1569 1694 1617 coniuratio-

99 1671 214 1703 nem
251 1655 477 1717 singulari
510 1655 703 1714 virtute,
742 1657 1031 1715 constantia,
1070 1661 1187 1704 cfira
1222 1658 1528 1719 compressit.
1601 1659 1693 1706 Ca-

99 1747 262 1793 tilinae
322 1761 576 1807 proavum,
640 1746 712 1792 M.
779 1745 1017 1806 Sergium,
1078 1746 1353 1794 incredibili
1412 1747 1695 1794 fortitudine

99 1835 244 1882 fuisse
288 1835 466 1882 Plinius
509 1835 671 1882 refert.
746 1833 1002 1895 Stipendia
1051 1835 1089 1881 is
1139 1835 1261 1882 fecit
1304 1836 1523 1883 secundo
1567 1836 1694 1884 bello

101 1924 302 1972 Punico.
374 1924 604 1972 Secundo
650 1923 898 1985 stipendio
940 1924 1164 1971 dextram
1204 1940 1403 1971 manum
1443 1925 1693 1986 perdidit3

99 2013 351 2075 stipendiis
400 2014 592 2061 duobus
641 2021 714 2060 ter
754 2022 803 2060 et
839 2013 1021 2060 viciens
1058 2013 1336 2060 vulneratus
1377 2022 1480 2073 est;
1532 2014 1596 2061 ob
1644 2013 1691 2060 id

80 2107 272 2153 neutra
296 2107 457 2160 mansi,
485 2107 659 2150 neutro
697 2102 827 2164 pede
865 2103 979 2150 satis
1012 2102 1156 2161 utilis,
1182 2102 1497 2163 plurimisque
1524 2107 1697 2164 postea

98 2191 353 2254 stipendiis
390 2191 565 2238 debilis
602 2192 740 2239 miles
778 2200 895 2239 erat.
969 2192 1050 2238 Bis
1088 2192 1150 2238 ab
1190 2192 1470 2238 Hannibale
1503 2200 1693 2253 captus,

99 2281 172 2329 bis
218 2281 524 2328 vinculorum
573 2281 675 2327 Eius
724 2281 972 2343 profugus,
1021 2280 1191 2342 viginti
1252 2280 1501 2328 mensibus
1562 2280 1695 2328 millo

98 2374 196 2418 non
236 2369 318 2417 die
353 2370 403 2416 in
439 2374 622 2417 catEnis
660 2377 741 2417 aut
778 2369 1106 2432 compedibus
1138 2368 1424 2416 custoditus.
1499 2370 1697 2417 Sinistra

99 2463 248 2506 mansi
287 2459 390 2506 sola
431 2467 604 2520 quater
645 2460 893 2521 pugnavit,
935 2459 1126 2507 duobus
1174 2465 1310 2520 equis
1347 2458 1591 2506 insidente
1636 2463 1695 2505 eo

100 2547 328 2596 suffossis.
400 2550 639 2596 Dextram
687 2549 779 2597 sibi
828 2549 1036 2596 ferream
1097 2548 1219 2595 fecit
1281 2553 1436 2609 eaque
1498 2547 1698 2608 religata

123 2711 158 2746 3.
186 2699 500 2743 disertissimum,
521 2704 619 2736 most
634 2701 821 2747 eloquent.
941 2712 998 2746 24.
1030 2700 1190 2742 catEnis,
1220 2700 1382 2740 clzains,·
1420 2699 1696 2746 compedibus,

103 2763 158 2799 16.
185 2763 431 2808 compressit,
451 2763 621 2806 clzecked,
645 2763 853 2809 repressed.
1068 2763 1221 2809 fetters.

102 2835 159 2860 22.
187 2824 337 2869 debilis,
356 2825 539 2872 crzppled,
562 2825 746 2861 disabled.
942 2825 999 2861 26.
1027 2824 1218 2867 suffossis,
1237 2823 1507 2870 stabbedfivm
1526 2823 1654 2860 below.

1736 1151 1777 1174 10

1732 2039 1777 2064 20

1732 2478 1773 2515 25
