<?xml version="1.0" encoding="UTF-8"?>
<!DOCTYPE html PUBLIC "-//W3C//DTD XHTML 1.0 Transitional//EN"
    "http://www.w3.org/TR/xhtml1/DTD/xhtml1-transitional.dtd">
<html xmlns="http://www.w3.org/1999/xhtml" xml:lang="en" lang="en">
 <head>
  <title>
</title>
<meta http-equiv="Content-Type" content="text/html;charset=utf-8" />
  <meta name='ocr-system' content='tesseract 3.04.00' />
  <meta name='ocr-capabilities' content='ocr_page ocr_carea ocr_par ocr_line ocrx_word'/>
</head>
<body>
  <div class='ocr_page' id='page_1' title='image "./urbisromaeviriil00lhom_0072.png"; bbox 0 0 1946 3116; ppageno 0'>
   <div class='ocr_carea' id='block_1_1' title="bbox 113 1421 155 1445">
    <p class='ocr_par' dir='ltr' id='par_1_1' title="bbox 113 1421 155 1445">
     <span class='ocr_line' id='line_1_1' title="bbox 113 1421 155 1445; baseline 0 0"><span class='ocrx_word' id='word_1_1' title='bbox 113 1421 155 1445; x_wconf 88' lang='lat'>10</span> 
     </span>
    </p>
   </div>
   <div class='ocr_carea' id='block_1_2' title="bbox 114 1868 152 1907">
    <p class='ocr_par' dir='ltr' id='par_1_2' title="bbox 114 1868 152 1907">
     <span class='ocr_line' id='line_1_2' title="bbox 114 1868 152 1907; baseline 0 0"><span class='ocrx_word' id='word_1_2' title='bbox 114 1868 152 1907; x_wconf 88' lang='grc' dir='ltr'>Ι5</span> 
     </span>
    </p>
   </div>
   <div class='ocr_carea' id='block_1_3' title="bbox 110 2318 156 2342">
    <p class='ocr_par' dir='ltr' id='par_1_3' title="bbox 110 2318 156 2342">
     <span class='ocr_line' id='line_1_3' title="bbox 110 2318 156 2342; baseline 0 0"><span class='ocrx_word' id='word_1_3' title='bbox 110 2318 156 2342; x_wconf 90' lang='grc'>20</span> 
     </span>
    </p>
   </div>
   <div class='ocr_carea' id='block_1_4' title="bbox 112 2764 154 2802">
    <p class='ocr_par' dir='ltr' id='par_1_4' title="bbox 112 2764 154 2802">
     <span class='ocr_line' id='line_1_4' title="bbox 112 2764 154 2802; baseline 0 0"><span class='ocrx_word' id='word_1_4' title='bbox 112 2764 154 2802; x_wconf 86' lang='lat'>25</span> 
     </span>
    </p>
   </div>
   <div class='ocr_carea' id='block_1_5' title="bbox 194 123 1450 196">
    <p class='ocr_par' dir='ltr' id='par_1_5' title="bbox 194 123 1450 196">
     <span class='ocr_line' id='line_1_5' title="bbox 194 123 1450 196; baseline -0.003 -17"><span class='ocrx_word' id='word_1_5' title='bbox 194 142 261 196; x_wconf 87' lang='lat'>54</span> <span class='ocrx_word' id='word_1_6' title='bbox 559 125 722 178; x_wconf 72' lang='lat' dir='ltr'>Urbis</span> <span class='ocrx_word' id='word_1_7' title='bbox 762 125 972 176; x_wconf 78' lang='lat' dir='ltr'>Romae</span> <span class='ocrx_word' id='word_1_8' title='bbox 1029 125 1082 176; x_wconf 85' lang='lat' dir='ltr'><em>V</em></span> <span class='ocrx_word' id='word_1_9' title='bbox 1079 123 1158 174; x_wconf 65' lang='grc' dir='ltr'>ἐνί</span> <span class='ocrx_word' id='word_1_10' title='bbox 1195 124 1450 176; x_wconf 74' lang='lat' dir='ltr'>Illustres</span> 
     </span>
    </p>
   </div>
   <div class='ocr_carea' id='block_1_6' title="bbox 506 357 1487 404">
    <p class='ocr_par' dir='ltr' id='par_1_6' title="bbox 506 357 1487 404">
     <span class='ocr_line' id='line_1_6' title="bbox 506 357 1487 404; baseline 0.001 -1"><span class='ocrx_word' id='word_1_11' title='bbox 506 360 640 404; x_wconf 88' lang='lat' dir='ltr'>XX.</span> <span class='ocrx_word' id='word_1_12' title='bbox 693 359 916 402; x_wconf 53' lang='lat' dir='ltr'>Latoius</span> <span class='ocrx_word' id='word_1_13' title='bbox 953 357 1263 402; x_wconf 52' lang='lat' dir='ltr'>Cornelius</span> <span class='ocrx_word' id='word_1_14' title='bbox 1295 358 1487 404; x_wconf 79' lang='lat' dir='ltr'>Sulla.</span> 
     </span>
    </p>
   </div>
   <div class='ocr_carea' id='block_1_7' title="bbox 855 475 1126 524">
    <p class='ocr_par' dir='ltr' id='par_1_7' title="bbox 855 475 1126 524">
     <span class='ocr_line' id='line_1_7' title="bbox 855 475 1126 524; baseline 0 -12"><span class='ocrx_word' id='word_1_15' title='bbox 855 475 1016 524; x_wconf 84' lang='lat'>138—78</span> <span class='ocrx_word' id='word_1_16' title='bbox 1049 482 1126 512; x_wconf 87' lang='lat' dir='ltr'><strong>B.C.</strong></span> 
     </span>
    </p>
   </div>
   <div class='ocr_carea' id='block_1_8' title="bbox 189 587 1804 1102">
    <p class='ocr_par' dir='ltr' id='par_1_8' title="bbox 189 587 1803 923">
     <span class='ocr_line' id='line_1_8' title="bbox 259 587 1800 649; baseline -0.003 -10"><span class='ocrx_word' id='word_1_17' title='bbox 259 589 518 640; x_wconf 65' lang='lat' dir='ltr'>Cornalius</span> <span class='ocrx_word' id='word_1_18' title='bbox 556 589 684 637; x_wconf 86' lang='lat' dir='ltr'>Sulla</span> <span class='ocrx_word' id='word_1_19' title='bbox 721 603 834 634; x_wconf 90' lang='lat' dir='ltr'>cum</span> <span class='ocrx_word' id='word_1_20' title='bbox 875 587 1103 649; x_wconf 89' lang='lat' dir='ltr'>parvulus</span> <span class='ocrx_word' id='word_1_21' title='bbox 1142 591 1171 633; x_wconf 92' lang='lat' dir='ltr'>a</span> <span class='ocrx_word' id='word_1_22' title='bbox 1208 591 1396 635; x_wconf 69' lang='lat' dir='ltr'>natrice</span> <span class='ocrx_word' id='word_1_23' title='bbox 1440 588 1659 648; x_wconf 64' lang='lat' dir='ltr'>ferratur,</span> <span class='ocrx_word' id='word_1_24' title='bbox 1696 604 1800 635; x_wconf 92' lang='lat' dir='ltr'>mu-</span> 
     </span>
     <span class='ocr_line' id='line_1_9' title="bbox 189 677 1802 740; baseline -0.002 -11"><span class='ocrx_word' id='word_1_25' title='bbox 189 681 276 728; x_wconf 85' lang='lat' dir='ltr'>lier</span> <span class='ocrx_word' id='word_1_26' title='bbox 319 680 479 738; x_wconf 91' lang='lat' dir='ltr'>obvia,</span> <span class='ocrx_word' id='word_1_27' title='bbox 523 679 759 737; x_wconf 75' lang='lat' dir='ltr'>“Salve,&#39;&#39;</span> <span class='ocrx_word' id='word_1_28' title='bbox 804 677 978 738; x_wconf 90' lang='lat' dir='ltr'>inquit,</span> <span class='ocrx_word' id='word_1_29' title='bbox 1025 680 1195 738; x_wconf 88' lang='lat' dir='ltr'>“puer</span> <span class='ocrx_word' id='word_1_30' title='bbox 1237 677 1327 725; x_wconf 89' lang='lat' dir='ltr'>tibi</span> <span class='ocrx_word' id='word_1_31' title='bbox 1370 686 1418 725; x_wconf 91' lang='lat' dir='ltr'>et</span> <span class='ocrx_word' id='word_1_32' title='bbox 1461 683 1531 725; x_wconf 90' lang='lat' dir='ltr'>rei</span> <span class='ocrx_word' id='word_1_33' title='bbox 1574 678 1802 740; x_wconf 75' lang='lat' dir='ltr'>piiblicae</span> 
     </span>
     <span class='ocr_line' id='line_1_10' title="bbox 190 766 1803 828; baseline -0.002 -10"><span class='ocrx_word' id='word_1_34' title='bbox 190 780 303 818; x_wconf 91' lang='lat' dir='ltr'>tuae</span> <span class='ocrx_word' id='word_1_35' title='bbox 341 770 508 828; x_wconf 77' lang='lat' dir='ltr'>felix,&#39;&#39;</span> <span class='ocrx_word' id='word_1_36' title='bbox 553 776 601 815; x_wconf 92' lang='lat' dir='ltr'>et</span> <span class='ocrx_word' id='word_1_37' title='bbox 641 768 805 815; x_wconf 89' lang='lat' dir='ltr'>statim</span> <span class='ocrx_word' id='word_1_38' title='bbox 843 772 1079 828; x_wconf 89' lang='lat' dir='ltr'>quaesita,</span> <span class='ocrx_word' id='word_1_39' title='bbox 1119 782 1244 828; x_wconf 90' lang='lat' dir='ltr'>quae</span> <span class='ocrx_word' id='word_1_40' title='bbox 1285 767 1408 814; x_wconf 92' lang='lat' dir='ltr'>haec</span> <span class='ocrx_word' id='word_1_41' title='bbox 1449 766 1667 828; x_wconf 83' lang='lat' dir='ltr'>dixisset,</span> <span class='ocrx_word' id='word_1_42' title='bbox 1702 772 1803 815; x_wconf 74' lang='lat' dir='ltr'>non</span> 
     </span>
     <span class='ocr_line' id='line_1_11' title="bbox 190 860 606 923; baseline -0.007 -15"><span class='ocrx_word' id='word_1_43' title='bbox 190 860 350 923; x_wconf 91' lang='lat' dir='ltr'>potuit</span> <span class='ocrx_word' id='word_1_44' title='bbox 388 860 606 907; x_wconf 88' lang='lat' dir='ltr'>inveniri.</span> 
     </span>
    </p>

    <p class='ocr_par' dir='ltr' id='par_1_9' title="bbox 189 948 1804 1102">
     <span class='ocr_line' id='line_1_12' title="bbox 260 948 1804 1010; baseline -0.003 -12"><span class='ocrx_word' id='word_1_45' title='bbox 260 953 360 998; x_wconf 93' lang='lat' dir='ltr'>Hic</span> <span class='ocrx_word' id='word_1_46' title='bbox 402 950 532 998; x_wconf 77' lang='lat' dir='ltr'>bello</span> <span class='ocrx_word' id='word_1_47' title='bbox 579 948 868 1010; x_wconf 76' lang='lat' dir='ltr'>Iugurthino</span> <span class='ocrx_word' id='word_1_48' title='bbox 912 956 1145 1009; x_wconf 82' lang='lat' dir='ltr'>quaestor</span> <span class='ocrx_word' id='word_1_49' title='bbox 1189 948 1334 994; x_wconf 90' lang='lat' dir='ltr'>Marii</span> <span class='ocrx_word' id='word_1_50' title='bbox 1375 948 1478 995; x_wconf 86' lang='lat' dir='ltr'>fuit.</span> <span class='ocrx_word' id='word_1_51' title='bbox 1553 949 1651 1009; x_wconf 85' lang='lat' dir='ltr'>Qui</span> <span class='ocrx_word' id='word_1_52' title='bbox 1690 964 1804 995; x_wconf 91' lang='lat' dir='ltr'>cum</span> 
     </span>
     <span class='ocr_line' id='line_1_13' title="bbox 189 1037 1802 1102; baseline -0.002 -14"><span class='ocrx_word' id='word_1_53' title='bbox 189 1056 345 1102; x_wconf 91' lang='lat' dir='ltr'>usque</span> <span class='ocrx_word' id='word_1_54' title='bbox 383 1039 447 1087; x_wconf 89' lang='lat' dir='ltr'>ad</span> <span class='ocrx_word' id='word_1_55' title='bbox 491 1043 781 1101; x_wconf 58' lang='lat' dir='ltr'>quaesti-irae</span> <span class='ocrx_word' id='word_1_56' title='bbox 826 1038 1029 1085; x_wconf 90' lang='lat' dir='ltr'>comitia</span> <span class='ocrx_word' id='word_1_57' title='bbox 1063 1043 1211 1084; x_wconf 87' lang='lat' dir='ltr'>vitam</span> <span class='ocrx_word' id='word_1_58' title='bbox 1254 1037 1472 1097; x_wconf 83' lang='lat' dir='ltr'>libidine,</span> <span class='ocrx_word' id='word_1_59' title='bbox 1511 1043 1639 1097; x_wconf 76' lang='lat' dir='ltr'>vino,</span> <span class='ocrx_word' id='word_1_60' title='bbox 1679 1037 1802 1086; x_wconf 68' lang='lat' dir='ltr'>ladi-</span> 
     </span>
    </p>
   </div>
   <div class='ocr_carea' id='block_1_9' title="bbox 190 1127 1806 2891">
    <p class='ocr_par' dir='ltr' id='par_1_10' title="bbox 190 1127 1806 2801">
     <span class='ocr_line' id='line_1_14' title="bbox 190 1127 1804 1189; baseline -0.002 -11"><span class='ocrx_word' id='word_1_61' title='bbox 190 1146 303 1178; x_wconf 92' lang='lat' dir='ltr'>crae</span> <span class='ocrx_word' id='word_1_62' title='bbox 361 1130 476 1177; x_wconf 85' lang='lat' dir='ltr'>artis</span> <span class='ocrx_word' id='word_1_63' title='bbox 536 1133 704 1176; x_wconf 78' lang='lat' dir='ltr'>amore</span> <span class='ocrx_word' id='word_1_64' title='bbox 765 1128 1070 1189; x_wconf 86' lang='lat' dir='ltr'>inquinatam</span> <span class='ocrx_word' id='word_1_65' title='bbox 1125 1127 1449 1189; x_wconf 62' lang='lat' dir='ltr'>perdi-ixisset,</span> <span class='ocrx_word' id='word_1_66' title='bbox 1501 1128 1559 1176; x_wconf 89' lang='lat' dir='ltr'>C.</span> <span class='ocrx_word' id='word_1_67' title='bbox 1618 1128 1804 1176; x_wconf 89' lang='lat' dir='ltr'>Marius</span> 
     </span>
     <span class='ocr_line' id='line_1_15' title="bbox 191 1210 1803 1272; baseline -0.002 -11"><span class='ocrx_word' id='word_1_68' title='bbox 191 1214 364 1262; x_wconf 74' lang='lat' dir='ltr'>consul</span> <span class='ocrx_word' id='word_1_69' title='bbox 409 1213 615 1260; x_wconf 72' lang='lat' dir='ltr'>moleste</span> <span class='ocrx_word' id='word_1_70' title='bbox 666 1211 831 1258; x_wconf 91' lang='lat' dir='ltr'>tulisse</span> <span class='ocrx_word' id='word_1_71' title='bbox 882 1210 1104 1270; x_wconf 89' lang='lat' dir='ltr'>traditur,</span> <span class='ocrx_word' id='word_1_72' title='bbox 1146 1211 1283 1272; x_wconf 90' lang='lat' dir='ltr'>quod</span> <span class='ocrx_word' id='word_1_73' title='bbox 1326 1211 1417 1259; x_wconf 90' lang='lat' dir='ltr'>sibi</span> <span class='ocrx_word' id='word_1_74' title='bbox 1461 1211 1803 1272; x_wconf 84' lang='lat' dir='ltr'>gravissimum</span> 
     </span>
     <span class='ocr_line' id='line_1_16' title="bbox 192 1300 1802 1364; baseline -0.001 -13"><span class='ocrx_word' id='word_1_75' title='bbox 192 1304 375 1353; x_wconf 91' lang='lat' dir='ltr'>bellum</span> <span class='ocrx_word' id='word_1_76' title='bbox 413 1308 602 1364; x_wconf 80' lang='lat' dir='ltr'>gerenti</span> <span class='ocrx_word' id='word_1_77' title='bbox 640 1311 739 1348; x_wconf 87' lang='lat' dir='ltr'>tam</span> <span class='ocrx_word' id='word_1_78' title='bbox 782 1300 1021 1348; x_wconf 65' lang='lat' dir='ltr'>delicatus</span> <span class='ocrx_word' id='word_1_79' title='bbox 1061 1309 1293 1362; x_wconf 76' lang='lat' dir='ltr'>quaestor</span> <span class='ocrx_word' id='word_1_80' title='bbox 1332 1309 1461 1348; x_wconf 82' lang='lat' dir='ltr'>sorte</span> <span class='ocrx_word' id='word_1_81' title='bbox 1506 1301 1802 1350; x_wconf 75' lang='lat' dir='ltr'>obvenisset.</span> 
     </span>
     <span class='ocr_line' id='line_1_17' title="bbox 194 1378 1803 1452; baseline -0.002 -11"><span class='ocrx_word' id='word_1_82' title='bbox 194 1382 432 1441; x_wconf 67' lang='lat' dir='ltr'>Eiusdem</span> <span class='ocrx_word' id='word_1_83' title='bbox 474 1401 655 1450; x_wconf 84' lang='lat' dir='ltr'>tamen,</span> <span class='ocrx_word' id='word_1_84' title='bbox 689 1399 953 1452; x_wconf 74' lang='lat' dir='ltr'>postquam</span> <span class='ocrx_word' id='word_1_85' title='bbox 997 1391 1047 1437; x_wconf 93' lang='lat' dir='ltr'>in</span> <span class='ocrx_word' id='word_1_86' title='bbox 1088 1378 1304 1437; x_wconf 50' lang='lat' dir='ltr'>Rfricam</span> <span class='ocrx_word' id='word_1_87' title='bbox 1339 1391 1485 1450; x_wconf 65' lang='lat' dir='ltr'>vanit,</span> <span class='ocrx_word' id='word_1_88' title='bbox 1512 1391 1662 1439; x_wconf 69' lang='lat' dir='ltr'>virtus</span> <span class='ocrx_word' id='word_1_89' title='bbox 1700 1392 1803 1439; x_wconf 65' lang='lat' dir='ltr'>ani-</span> 
     </span>
     <span class='ocr_line' id='line_1_18' title="bbox 192 1481 1803 1543; baseline -0.001 -13"><span class='ocrx_word' id='word_1_90' title='bbox 192 1484 298 1531; x_wconf 91' lang='lat' dir='ltr'>tuit.</span> <span class='ocrx_word' id='word_1_91' title='bbox 372 1483 510 1530; x_wconf 75' lang='lat' dir='ltr'>Bello</span> <span class='ocrx_word' id='word_1_92' title='bbox 555 1481 825 1540; x_wconf 76' lang='lat' dir='ltr'>Cimbrico,</span> <span class='ocrx_word' id='word_1_93' title='bbox 865 1481 1054 1543; x_wconf 65' lang='lat' dir='ltr'>lagatus</span> <span class='ocrx_word' id='word_1_94' title='bbox 1097 1481 1309 1528; x_wconf 77' lang='lat' dir='ltr'>consulis</span> <span class='ocrx_word' id='word_1_95' title='bbox 1366 1481 1549 1528; x_wconf 80' lang='lat' dir='ltr'>bonam</span> <span class='ocrx_word' id='word_1_96' title='bbox 1600 1497 1803 1543; x_wconf 82' lang='lat' dir='ltr'>operam</span> 
     </span>
     <span class='ocr_line' id='line_1_19' title="bbox 192 1571 1804 1634; baseline -0.001 -13"><span class='ocrx_word' id='word_1_97' title='bbox 192 1573 399 1621; x_wconf 87' lang='lat' dir='ltr'>navavit.</span> <span class='ocrx_word' id='word_1_98' title='bbox 473 1573 659 1621; x_wconf 77' lang='lat' dir='ltr'>Consul</span> <span class='ocrx_word' id='word_1_99' title='bbox 710 1572 814 1633; x_wconf 92' lang='lat' dir='ltr'>ipse</span> <span class='ocrx_word' id='word_1_100' title='bbox 862 1571 1047 1619; x_wconf 90' lang='lat' dir='ltr'>deinde</span> <span class='ocrx_word' id='word_1_101' title='bbox 1096 1572 1253 1619; x_wconf 91' lang='lat' dir='ltr'>factus</span> <span class='ocrx_word' id='word_1_102' title='bbox 1296 1572 1438 1634; x_wconf 78' lang='lat' dir='ltr'>pulso</span> <span class='ocrx_word' id='word_1_103' title='bbox 1482 1573 1533 1619; x_wconf 91' lang='lat' dir='ltr'>in</span> <span class='ocrx_word' id='word_1_104' title='bbox 1581 1572 1804 1619; x_wconf 89' lang='lat' dir='ltr'>exsilium</span> 
     </span>
     <span class='ocr_line' id='line_1_20' title="bbox 193 1662 1806 1725; baseline 0 -14"><span class='ocrx_word' id='word_1_105' title='bbox 193 1664 356 1711; x_wconf 75' lang='lat' dir='ltr'>Mario</span> <span class='ocrx_word' id='word_1_106' title='bbox 393 1663 625 1711; x_wconf 87' lang='lat' dir='ltr'>adversus</span> <span class='ocrx_word' id='word_1_107' title='bbox 668 1663 1010 1711; x_wconf 72' lang='lat' dir='ltr'>Mithridatem</span> <span class='ocrx_word' id='word_1_108' title='bbox 1048 1663 1301 1725; x_wconf 89' lang='lat' dir='ltr'>profectus</span> <span class='ocrx_word' id='word_1_109' title='bbox 1329 1670 1416 1710; x_wconf 87' lang='lat' dir='ltr'>est.</span> <span class='ocrx_word' id='word_1_110' title='bbox 1489 1662 1806 1711; x_wconf 70' lang='lat' dir='ltr'>Mithridates</span> 
     </span>
     <span class='ocr_line' id='line_1_21' title="bbox 193 1753 1803 1814; baseline -0.001 -13"><span class='ocrx_word' id='word_1_111' title='bbox 193 1755 342 1814; x_wconf 91' lang='lat' dir='ltr'>enim,</span> <span class='ocrx_word' id='word_1_112' title='bbox 371 1754 605 1802; x_wconf 91' lang='lat' dir='ltr'>Ponticus</span> <span class='ocrx_word' id='word_1_113' title='bbox 645 1758 743 1813; x_wconf 62' lang='lat' dir='ltr'>rax,</span> <span class='ocrx_word' id='word_1_114' title='bbox 776 1754 847 1801; x_wconf 90' lang='lat' dir='ltr'>vir</span> <span class='ocrx_word' id='word_1_115' title='bbox 884 1754 1015 1801; x_wconf 65' lang='lat' dir='ltr'>bella</span> <span class='ocrx_word' id='word_1_116' title='bbox 1056 1753 1338 1812; x_wconf 89' lang='lat' dir='ltr'>acerrimus,</span> <span class='ocrx_word' id='word_1_117' title='bbox 1366 1753 1541 1800; x_wconf 74' lang='lat' dir='ltr'>virtfite</span> <span class='ocrx_word' id='word_1_118' title='bbox 1581 1753 1803 1813; x_wconf 87' lang='lat' dir='ltr'>eximius,</span> 
     </span>
     <span class='ocr_line' id='line_1_22' title="bbox 193 1843 1806 1905; baseline -0.001 -13"><span class='ocrx_word' id='word_1_119' title='bbox 193 1844 312 1892; x_wconf 70' lang='lat' dir='ltr'>odio</span> <span class='ocrx_word' id='word_1_120' title='bbox 349 1844 399 1891; x_wconf 91' lang='lat' dir='ltr'>in</span> <span class='ocrx_word' id='word_1_121' title='bbox 437 1845 693 1891; x_wconf 65' lang='lat' dir='ltr'>Ramanos</span> <span class='ocrx_word' id='word_1_122' title='bbox 728 1848 829 1891; x_wconf 76' lang='lat' dir='ltr'>non</span> <span class='ocrx_word' id='word_1_123' title='bbox 866 1844 1066 1891; x_wconf 87' lang='lat' dir='ltr'>inferior</span> <span class='ocrx_word' id='word_1_124' title='bbox 1092 1843 1391 1902; x_wconf 86' lang='lat' dir='ltr'>Hannibale,</span> <span class='ocrx_word' id='word_1_125' title='bbox 1419 1848 1665 1905; x_wconf 88' lang='lat' dir='ltr'>occupata</span> <span class='ocrx_word' id='word_1_126' title='bbox 1690 1843 1806 1891; x_wconf 88' lang='lat' dir='ltr'>Asia</span> 
     </span>
     <span class='ocr_line' id='line_1_23' title="bbox 192 1933 1802 1996; baseline -0.001 -14"><span class='ocrx_word' id='word_1_127' title='bbox 192 1940 478 1996; x_wconf 71' lang='lat' dir='ltr'>necatisque</span> <span class='ocrx_word' id='word_1_128' title='bbox 519 1934 568 1981; x_wconf 92' lang='lat' dir='ltr'>in</span> <span class='ocrx_word' id='word_1_129' title='bbox 613 1939 670 1982; x_wconf 90' lang='lat' dir='ltr'>ea</span> <span class='ocrx_word' id='word_1_130' title='bbox 714 1934 943 1982; x_wconf 92' lang='lat' dir='ltr'>omnibus</span> <span class='ocrx_word' id='word_1_131' title='bbox 993 1933 1180 1981; x_wconf 88' lang='lat' dir='ltr'>civibus</span> <span class='ocrx_word' id='word_1_132' title='bbox 1229 1934 1483 1993; x_wconf 75' lang='lat' dir='ltr'>Romanis,</span> <span class='ocrx_word' id='word_1_133' title='bbox 1524 1938 1649 1994; x_wconf 75' lang='lat' dir='ltr'>quos</span> <span class='ocrx_word' id='word_1_134' title='bbox 1698 1933 1802 1995; x_wconf 90' lang='lat' dir='ltr'>qui-</span> 
     </span>
     <span class='ocr_line' id='line_1_24' title="bbox 193 2023 1801 2085; baseline -0.001 -13"><span class='ocrx_word' id='word_1_135' title='bbox 193 2024 311 2072; x_wconf 92' lang='lat' dir='ltr'>dem</span> <span class='ocrx_word' id='word_1_136' title='bbox 355 2023 532 2072; x_wconf 91' lang='lat' dir='ltr'>eadem</span> <span class='ocrx_word' id='word_1_137' title='bbox 577 2024 658 2072; x_wconf 77' lang='lat' dir='ltr'>die</span> <span class='ocrx_word' id='word_1_138' title='bbox 703 2033 851 2085; x_wconf 92' lang='lat' dir='ltr'>atque</span> <span class='ocrx_word' id='word_1_139' title='bbox 897 2024 1016 2071; x_wconf 77' lang='lat' dir='ltr'>hora</span> <span class='ocrx_word' id='word_1_140' title='bbox 1058 2038 1148 2085; x_wconf 89' lang='lat' dir='ltr'>per</span> <span class='ocrx_word' id='word_1_141' title='bbox 1191 2027 1364 2071; x_wconf 66' lang='lat' dir='ltr'>omnas</span> <span class='ocrx_word' id='word_1_142' title='bbox 1407 2023 1630 2071; x_wconf 67' lang='lat' dir='ltr'>civitatas</span> <span class='ocrx_word' id='word_1_143' title='bbox 1680 2024 1801 2071; x_wconf 89' lang='lat' dir='ltr'>inte-</span> 
     </span>
     <span class='ocr_line' id='line_1_25' title="bbox 193 2108 1802 2175; baseline 0 -14"><span class='ocrx_word' id='word_1_144' title='bbox 193 2114 302 2161; x_wconf 89' lang='lat' dir='ltr'>rimi</span> <span class='ocrx_word' id='word_1_145' title='bbox 331 2114 550 2173; x_wconf 88' lang='lat' dir='ltr'>iusserat,</span> <span class='ocrx_word' id='word_1_146' title='bbox 580 2115 811 2175; x_wconf 75' lang='lat' dir='ltr'>Europae</span> <span class='ocrx_word' id='word_1_147' title='bbox 840 2129 1039 2175; x_wconf 92' lang='lat' dir='ltr'>quoque</span> <span class='ocrx_word' id='word_1_148' title='bbox 1071 2108 1343 2175; x_wconf 66' lang='lat' dir='ltr'>Italiaeque</span> <span class='ocrx_word' id='word_1_149' title='bbox 1375 2112 1636 2160; x_wconf 68' lang='lat' dir='ltr'>imminare</span> <span class='ocrx_word' id='word_1_150' title='bbox 1668 2113 1802 2161; x_wconf 64' lang='lat' dir='ltr'>vida-</span> 
     </span>
     <span class='ocr_line' id='line_1_26' title="bbox 193 2202 1804 2265; baseline -0.001 -13"><span class='ocrx_word' id='word_1_151' title='bbox 193 2205 350 2252; x_wconf 89' lang='lat' dir='ltr'>batur.</span> <span class='ocrx_word' id='word_1_152' title='bbox 422 2206 494 2251; x_wconf 89' lang='lat' dir='ltr'>Ac</span> <span class='ocrx_word' id='word_1_153' title='bbox 533 2209 692 2265; x_wconf 73' lang='lat' dir='ltr'>primo</span> <span class='ocrx_word' id='word_1_154' title='bbox 733 2204 861 2252; x_wconf 87' lang='lat' dir='ltr'>Sulla</span> <span class='ocrx_word' id='word_1_155' title='bbox 900 2204 1023 2250; x_wconf 91' lang='lat' dir='ltr'>illius</span> <span class='ocrx_word' id='word_1_156' title='bbox 1061 2203 1338 2265; x_wconf 76' lang='lat' dir='ltr'>praefectos</span> <span class='ocrx_word' id='word_1_157' title='bbox 1373 2202 1567 2251; x_wconf 76' lang='lat' dir='ltr'>duobus</span> <span class='ocrx_word' id='word_1_158' title='bbox 1606 2203 1804 2265; x_wconf 90' lang='lat' dir='ltr'>proeliis</span> 
     </span>
     <span class='ocr_line' id='line_1_27' title="bbox 193 2292 1804 2355; baseline -0.001 -15"><span class='ocrx_word' id='word_1_159' title='bbox 193 2293 244 2340; x_wconf 94' lang='lat' dir='ltr'>in</span> <span class='ocrx_word' id='word_1_160' title='bbox 281 2293 494 2342; x_wconf 84' lang='lat' dir='ltr'>Graecia</span> <span class='ocrx_word' id='word_1_161' title='bbox 529 2294 804 2355; x_wconf 78' lang='lat' dir='ltr'>profligavit</span> <span class='ocrx_word' id='word_1_162' title='bbox 824 2311 836 2353; x_wconf 79' lang='lat'><em>3</em></span> <span class='ocrx_word' id='word_1_163' title='bbox 884 2292 1001 2340; x_wconf 90' lang='lat' dir='ltr'>dein</span> <span class='ocrx_word' id='word_1_164' title='bbox 1039 2297 1366 2355; x_wconf 85' lang='lat' dir='ltr'>transgressus</span> <span class='ocrx_word' id='word_1_165' title='bbox 1408 2292 1459 2339; x_wconf 92' lang='lat' dir='ltr'>in</span> <span class='ocrx_word' id='word_1_166' title='bbox 1502 2293 1669 2340; x_wconf 89' lang='lat' dir='ltr'>Asiam</span> <span class='ocrx_word' id='word_1_167' title='bbox 1714 2293 1804 2339; x_wconf 92' lang='lat' dir='ltr'>Mi-</span> 
     </span>
     <span class='ocr_line' id='line_1_28' title="bbox 194 2381 1802 2444; baseline -0.001 -15"><span class='ocrx_word' id='word_1_168' title='bbox 194 2381 462 2430; x_wconf 89' lang='lat' dir='ltr'>thridatem</span> <span class='ocrx_word' id='word_1_169' title='bbox 504 2382 666 2444; x_wconf 90' lang='lat' dir='ltr'>ipsum</span> <span class='ocrx_word' id='word_1_170' title='bbox 712 2383 842 2430; x_wconf 74' lang='lat' dir='ltr'>ffidit</span> <span class='ocrx_word' id='word_1_171' title='bbox 863 2401 874 2442; x_wconf 81' lang='lat'><em>3</em></span> <span class='ocrx_word' id='word_1_172' title='bbox 916 2391 964 2430; x_wconf 94' lang='lat' dir='ltr'>et</span> <span class='ocrx_word' id='word_1_173' title='bbox 1007 2383 1349 2444; x_wconf 77' lang='lat' dir='ltr'>oppressisset,</span> <span class='ocrx_word' id='word_1_174' title='bbox 1384 2382 1476 2430; x_wconf 90' lang='lat' dir='ltr'>nisi</span> <span class='ocrx_word' id='word_1_175' title='bbox 1515 2382 1579 2430; x_wconf 88' lang='lat' dir='ltr'>ad</span> <span class='ocrx_word' id='word_1_176' title='bbox 1619 2382 1802 2430; x_wconf 89' lang='lat' dir='ltr'>bellum</span> 
     </span>
     <span class='ocr_line' id='line_1_29' title="bbox 194 2471 1802 2533; baseline 0 -15"><span class='ocrx_word' id='word_1_177' title='bbox 194 2472 334 2519; x_wconf 89' lang='lat' dir='ltr'>civile</span> <span class='ocrx_word' id='word_1_178' title='bbox 376 2471 607 2519; x_wconf 87' lang='lat' dir='ltr'>adversus</span> <span class='ocrx_word' id='word_1_179' title='bbox 650 2473 862 2519; x_wconf 89' lang='lat' dir='ltr'>Marium</span> <span class='ocrx_word' id='word_1_180' title='bbox 902 2472 1134 2519; x_wconf 85' lang='lat' dir='ltr'>festinans</span> <span class='ocrx_word' id='word_1_181' title='bbox 1172 2472 1587 2533; x_wconf 91' lang='lat' dir='ltr'>qualemcumque</span> <span class='ocrx_word' id='word_1_182' title='bbox 1626 2477 1802 2533; x_wconf 89' lang='lat' dir='ltr'>pacem</span> 
     </span>
     <span class='ocr_line' id='line_1_30' title="bbox 193 2561 1800 2623; baseline -0.001 -15"><span class='ocrx_word' id='word_1_183' title='bbox 193 2565 498 2623; x_wconf 73' lang='lat' dir='ltr'>componere</span> <span class='ocrx_word' id='word_1_184' title='bbox 530 2562 795 2609; x_wconf 90' lang='lat' dir='ltr'>maluisset.</span> <span class='ocrx_word' id='word_1_185' title='bbox 859 2561 1204 2609; x_wconf 89' lang='lat' dir='ltr'>Mithridatem</span> <span class='ocrx_word' id='word_1_186' title='bbox 1234 2570 1402 2608; x_wconf 88' lang='lat' dir='ltr'>tamen</span> <span class='ocrx_word' id='word_1_187' title='bbox 1435 2561 1647 2622; x_wconf 70' lang='lat' dir='ltr'>pecania</span> <span class='ocrx_word' id='word_1_188' title='bbox 1681 2561 1800 2608; x_wconf 90' lang='lat' dir='ltr'>mul-</span> 
     </span>
     <span class='ocr_line' id='line_1_31' title="bbox 194 2650 1800 2712; baseline 0 -15"><span class='ocrx_word' id='word_1_189' title='bbox 194 2651 344 2710; x_wconf 72' lang='lat' dir='ltr'>tavit,</span> <span class='ocrx_word' id='word_1_190' title='bbox 389 2651 504 2697; x_wconf 90' lang='lat' dir='ltr'>Asia</span> <span class='ocrx_word' id='word_1_191' title='bbox 546 2651 748 2712; x_wconf 89' lang='lat' dir='ltr'>aliisque</span> <span class='ocrx_word' id='word_1_192' title='bbox 792 2651 1070 2712; x_wconf 74' lang='lat' dir='ltr'>provinciis,</span> <span class='ocrx_word' id='word_1_193' title='bbox 1107 2655 1226 2712; x_wconf 90' lang='lat' dir='ltr'>quas</span> <span class='ocrx_word' id='word_1_194' title='bbox 1271 2655 1616 2712; x_wconf 87' lang='lat' dir='ltr'>occupaverat,</span> <span class='ocrx_word' id='word_1_195' title='bbox 1655 2650 1800 2697; x_wconf 64' lang='lat' dir='ltr'>daca-</span> 
     </span>
     <span class='ocr_line' id='line_1_32' title="bbox 195 2740 1576 2801; baseline 0 -15"><span class='ocrx_word' id='word_1_196' title='bbox 195 2740 313 2787; x_wconf 89' lang='lat' dir='ltr'>dere</span> <span class='ocrx_word' id='word_1_197' title='bbox 352 2745 668 2801; x_wconf 82' lang='lat' dir='ltr'>paternisque</span> <span class='ocrx_word' id='word_1_198' title='bbox 708 2740 890 2788; x_wconf 86' lang='lat' dir='ltr'>finibus</span> <span class='ocrx_word' id='word_1_199' title='bbox 928 2748 1219 2787; x_wconf 91' lang='lat' dir='ltr'>contentum</span> <span class='ocrx_word' id='word_1_200' title='bbox 1258 2755 1362 2787; x_wconf 90' lang='lat' dir='ltr'>esse</span> <span class='ocrx_word' id='word_1_201' title='bbox 1400 2740 1576 2801; x_wconf 64' lang='lat' dir='ltr'>coagit.</span> 
     </span>
    </p>

    <p class='ocr_par' dir='ltr' id='par_1_11' title="bbox 262 2828 1801 2891">
     <span class='ocr_line' id='line_1_33' title="bbox 262 2828 1801 2891; baseline 0.001 -16"><span class='ocrx_word' id='word_1_202' title='bbox 262 2828 391 2876; x_wconf 87' lang='lat' dir='ltr'>Sulla</span> <span class='ocrx_word' id='word_1_203' title='bbox 448 2836 653 2891; x_wconf 89' lang='lat' dir='ltr'>propter</span> <span class='ocrx_word' id='word_1_204' title='bbox 711 2833 874 2876; x_wconf 72' lang='lat' dir='ltr'>motas</span> <span class='ocrx_word' id='word_1_205' title='bbox 923 2829 1134 2877; x_wconf 77' lang='lat' dir='ltr'>urbanos</span> <span class='ocrx_word' id='word_1_206' title='bbox 1184 2845 1299 2876; x_wconf 91' lang='lat' dir='ltr'>cum</span> <span class='ocrx_word' id='word_1_207' title='bbox 1347 2833 1532 2876; x_wconf 74' lang='lat' dir='ltr'>victore</span> <span class='ocrx_word' id='word_1_208' title='bbox 1583 2829 1801 2876; x_wconf 71' lang='lat' dir='ltr'>exercitii</span> 
     </span>
    </p>
   </div>
  </div>
 </body>
</html>
