1946 3116
101 1164 143 1189 10

104 1616 143 1654 15

109 2338 155 2363 20

176 143 247 206 48
557 138 721 191 Urbis
759 138 972 188 Romae
1027 135 1151 188 Vm·
1187 135 1442 185 Illustres

175 327 347 390 inquit,
386 330 472 374 “si
508 330 556 374 te
592 324 850 374 Gracchus
887 324 1076 385 templo
1115 322 1247 370 Iovis
1285 321 1336 368 in
1373 321 1623 383 Capitolia
1661 320 1792 367 sacas

175 416 389 466 subdere
455 417 688 474 iussisset,
745 416 1134 462 obsecfitfirusne
1189 414 1312 460 illius
1366 414 1605 460 voluntati
1664 413 1794 459 fuisti

175 515 381 570 propter
424 505 585 564 istam,
629 519 779 565 quam
822 502 989 561 iactas,
1034 500 1494 547 familiaritatem?''
1580 502 1608 524 ‘⁶
1632 500 1789 546 Num-

176 597 375 660 quam‚''
426 594 585 656 inquit
631 592 864 651 Blossius,
915 591 1200 638 “voluisset
1248 589 1298 637 id
1348 589 1566 651 quidem,
1617 588 1706 637 sed
1755 595 1794 636 si

760 684 785 703 ²>

176 687 425 746 voluisset,
464 684 751 747 paruissem.
843 682 1072 729 ·Nefaria
1110 689 1184 729 est
1222 697 1281 728 ea
1316 685 1413 728 vox
1432 698 1445 741 3
1490 679 1621 727 nulla
1658 678 1791 726 enim

179 786 253 826 est
290 775 541 824 excasatio
579 779 789 836 peccati,
826 778 863 820 si
900 778 1045 819 amici
1082 776 1231 819 causa
1266 770 1567 833 peccaveris.

248 868 422 915 Exstat
469 867 562 914 Gffi
608 864 824 912 Gracchi
860 866 887 910 ἓ
921 862 1144 911 Sardinia
1170 863 1387 909 Romam
1414 866 1594 908 reversi
1619 860 1791 920 (aratio,

178 960 229 1007 in
254 963 351 1021 qua
377 973 490 1004 cum
528 956 621 1003 alia
660 964 765 1002 tum
802 955 928 1002 haec
966 954 1030 1002 de
1061 957 1111 1001 sa
1146 958 1338 1000 narrat:
1380 953 1659 999 “Versatus
1686 966 1794 998 sum

182 1050 233 1097 in
269 1047 536 1111 provincia,
565 1045 823 1108 quomodo
862 1062 922 1092 ex
958 1049 1048 1092 fisi-1
1083 1048 1248 1091 vestro
1289 1043 1630 1091 existimabam
1668 1056 1791 1102 esse,

182 1145 284 1188 non
333 1137 591 1201 quc->modo
644 1137 902 1185 ambitioni
961 1150 1102 1182 meae
1163 1133 1446 1182 condi—icere
1507 1132 1793 1181 arbitrabar.

186 1232 352 1279 Nemo
394 1236 559 1292 potest
592 1231 706 1275 vere
750 1226 931 1285 dicere,
959 1241 1117 1273 assem
1154 1233 1236 1272 aut
1265 1229 1325 1272 eo
1363 1225 1471 1286 pias
1507 1224 1558 1271 in
1589 1222 1796 1271 maneri-

185 1323 275 1371 bus
318 1325 398 1368 me
440 1319 692 1380 accapisse
734 1326 816 1364 aut
860 1321 972 1364 mea
1010 1321 1158 1363 causa
1200 1330 1502 1376 quemquam
1542 1318 1796 1376 samptum

187 1412 382 1460 facisse.
454 1411 627 1469 Zonas‚
665 1413 785 1470 quas
829 1409 992 1454 Roma
1031 1406 1351 1468 proficiscens
1393 1405 1565 1466 plenas
1607 1409 1797 1466 argenti

188 1502 352 1560 extuli,
391 1505 472 1548 eas
516 1515 576 1547 ex
619 1498 873 1561 provincia
913 1497 1083 1544 inanas
1131 1496 1307 1542 rettuli,
1380 1494 1475 1541 Alii
1516 1493 1796 1555 amphoras,

189 1597 308 1654 quas
334 1596 431 1638 vini
455 1590 625 1652 planas
660 1589 952 1647 extulerunt,
981 1591 1061 1634 eas
1099 1589 1303 1647 argento
1340 1584 1553 1646 replatas
1590 1582 1797 1631 domum

188 1681 546 1744 reportarunt.'’

632 1898 801 1943 XIX.
867 1897 1054 1942 Gaius
1089 1896 1351 1941 illarius,

257 2044 314 2092 C.
353 2042 557 2102 Marius,
584 2042 757 2090 humili
795 2041 908 2089 loco
948 2045 1106 2101 natus,
1134 2039 1333 2087 militiae
1377 2039 1711 2087 rudimentum
1748 2038 1800 2085 in

189 2133 437 2196 Hispania
472 2132 599 2180 duce
635 2131 865 2193 Scipione
900 2131 1080 2193 posuit.
1155 2131 1275 2177 Erat
1305 2129 1544 2192 imprimis
1582 2128 1801 2190 Scipiani

189 2229 330 2271 carus
370 2224 436 2271 ob
479 2222 773 2285 singularem
811 2221 1044 2268 virtatem
1084 2227 1133 2267 et
1171 2220 1432 2282 impigram
1477 2217 1541 2266 ad
1584 2218 1802 2280 pericula

191 2321 241 2361 et
288 2313 482 2361 labores
531 2311 852 2359 alacritatem.
951 2311 1081 2359 Cum
1130 2309 1399 2371 aliquanda
1447 2309 1575 2356 inter
1623 2312 1801 2355 canam

191 2402 475 2464 Scipianem
517 2400 720 2463 quidam
762 2401 1128 2462 interrogasset,
1169 2405 1208 2446 si
1250 2399 1372 2460 quid
1414 2399 1481 2445 illi
1522 2396 1801 2456 accidisset,

191 2508 458 2555 quemnam
512 2495 589 2539 ras
643 2490 843 2552 pablica
895 2493 1055 2551 aequa
1107 2494 1341 2551 magnum
1395 2488 1621 2536 habiti-ira
1673 2493 1804 2534 esset

190 2582 561 2644 imperatorem,
623 2580 789 2642 Scipio
852 2583 1089 2641 percusso
1163 2580 1338 2625 laniter
1403 2580 1549 2624 Marii
1612 2580 1800 2634 umero,

193 2673 474 2719 “Fartasse
514 2670 693 2729 hunc,''
734 2670 908 2731 inquit.
1007 2669 1121 2729 Quo
1166 2669 1300 2714 dicto
1340 2667 1579 2713 excitatus
1616 2665 1802 2711 Marius

130 2794 174 2832 25
194 2760 369 2823 dignos
406 2761 565 2818 rabus‚
605 2765 725 2821 quas
762 2764 939 2820 postea
974 2758 1138 2820 gessit,
1176 2756 1369 2818 spiriti-is
1407 2753 1656 2816 concepit.

263 2850 327 2911 Q.
355 2849 616 2897 Metellum
646 2849 698 2895 in
732 2847 1025 2895 Numidiam
1051 2850 1226 2894 contra
1258 2843 1546 2906 Iugurtham
1583 2847 1802 2901 missum,
