1946 3116
590 174 768 225 Gaius
807 175 993 225 Iulius
1037 175 1239 227 Caesar
1637 189 1701 243 73

109 360 184 418 sit,
212 360 461 407 abscessit.
536 361 644 406 Nec
681 365 805 407 vana
842 360 906 408 de
943 365 995 408 se
1032 361 1335 422 praedicatie
1367 371 1439 410 est
1465 363 1702 423 Caesaris,

108 457 221 495 ante
258 453 440 495 victum
477 448 669 495 hostem
714 464 820 496 esse
859 465 1006 510 quam
1044 455 1215 497 visum.
1289 451 1495 498 Pontice
1533 457 1706 513 postea

108 537 357 598 triumphe
416 537 561 584 trium
619 537 879 590 verberum
939 539 1169 599 praetulit
1230 539 1454 587 titulum:
1517 543 1545 565 “
1562 542 1702 600 Veni,

106 626 220 685 vidi,
269 628 409 673 vici.'’
500 626 696 673 Deinde
758 627 1040 688 Scipienem
1096 636 1145 675 et
1202 628 1393 688 Iubam,
1439 629 1703 676 Numidiae

107 719 289 777 regem,
317 715 542 776 reliquias
586 716 995 777 Pompeianarum
1037 717 1250 778 partium
1290 717 1340 764 in
1375 707 1541 765 [ifrica
1578 719 1701 766 refo-
1765 741 1781 779 5

105 809 289 863 ventes,
316 805 511 851 devicit.

171 895 424 940 Victerem
461 880 678 940 Rfricani
713 894 827 941 belli
869 894 1049 942 Gaium
1088 895 1354 942 Caesarem
1393 896 1582 957 gravius
1621 912 1700 943 ex-

106 982 241 1044 cepit
289 982 635 1043 Hispaniense,
679 982 815 1043 quod
864 983 955 1030 Cn.
1008 984 1288 1045 Pompeius,
1338 986 1508 1046 Magni
1555 985 1700 1044 filius,

105 1070 393 1118 adulescens
442 1071 746 1130 fortissimus,
791 1072 962 1133 ingens
1011 1088 1068 1118 ac
1123 1073 1338 1120 terribile
1387 1074 1699 1133 centia-iverat,

105 1159 322 1222 undique
362 1159 426 1207 ad
463 1176 576 1207 eum
615 1161 800 1208 auxiliis
836 1167 1028 1222 paterni
1063 1161 1276 1209 neminis
1314 1162 1700 1224 magnitfidinem
1741 1191 1783 1214 10

106 1249 414 1310 sequentium
452 1265 513 1296 ex
550 1254 655 1296 tete
696 1250 816 1297 orbe
853 1250 1226 1299 cenfluentibus.
1303 1252 1398 1299 Sua
1435 1252 1700 1299 Caesarem

104 1337 155 1384 in
204 1338 497 1399 Hispaniam
546 1339 780 1386 comitata
829 1340 1029 1387 ferti-ina
1076 1348 1181 1399 est,
1233 1339 1321 1387 sed
1369 1340 1554 1387 millum
1594 1357 1699 1387 um-

106 1442 254 1488 quam
297 1428 508 1475 atrecius
551 1428 969 1489 periculesiusque
1008 1429 1069 1476 ab
1109 1433 1169 1476 ee
1206 1429 1381 1476 initum
1424 1430 1665 1491 proelium
1685 1448 1698 1489 ,-

106 1515 234 1563 adee
281 1524 349 1575 ut,
398 1517 505 1577 plus
554 1532 702 1578 quam
760 1517 911 1565 dubie
966 1519 1142 1577 Marte,
1192 1518 1521 1566 descenderet
1572 1523 1699 1580 eque

107 1604 476 1667 censistensque
508 1615 621 1654 ante
647 1607 966 1654 recedentem
1007 1611 1205 1654 suerum
1238 1608 1412 1667 aciem,
1439 1607 1698 1669 increpans
1739 1634 1777 1672 13

107 1695 390 1754 Fertfinam,
424 1695 559 1756 quod
596 1699 648 1743 se
689 1696 739 1742 in
777 1712 890 1743 eum
929 1701 1164 1743 servasset
1207 1697 1405 1755 exitum,
1445 1697 1698 1744 deni—nitia-

106 1792 180 1831 ret
214 1785 459 1843 militibus,
486 1785 692 1846 vestigii}
730 1789 781 1833 se
818 1790 919 1832 nen
955 1790 1259 1832 recessfirum
1279 1804 1292 1845 3
1331 1785 1540 1846 proinde
1564 1785 1696 1833 vide-

105 1881 227 1932 rent,
266 1888 415 1934 quem
458 1882 507 1921 et
549 1879 648 1936 que
692 1875 803 1922 loce
846 1875 1195 1936 imperaterem
1239 1875 1480 1922 desertfiri
1520 1883 1696 1922 essent.

104 1962 419 2010 Verecundia
477 1964 632 2025 magis
692 1979 841 2025 quam
897 1965 1073 2011 virtute
1136 1964 1266 2011 acies
1328 1964 1549 2011 restituta
1608 1971 1697 2010 est.

107 2051 198 2098 Cn.
238 2052 503 2113 Pompeius
538 2058 694 2100 victus
737 2061 787 2100 et
828 2053 1154 2114 interemptus
1196 2060 1285 2100 est.
1358 2053 1554 2111 Caesar,
1592 2068 1696 2099 om-
1733 2079 1779 2103 20

105 2139 240 2186 nium
285 2146 457 2200 victor,
501 2157 746 2204 regressus
796 2142 846 2188 in
893 2143 1067 2190 urbem
1117 2142 1359 2200 omnibus,
1398 2146 1481 2202 qui
1527 2146 1699 2188 contre.

106 2231 158 2275 se
193 2244 328 2276 arma
363 2230 587 2290 tulerant,
612 2231 800 2292 ignevit
837 2239 886 2278 et
923 2231 1215 2292 quinquiens
1253 2230 1582 2292 triumphavit.

172 2318 315 2365 Bellis
359 2319 577 2366 cIvilibus
620 2320 873 2379 cenfectis,
901 2324 1164 2367 cenversus
1212 2320 1310 2366 iam
1359 2319 1422 2366 ad
1469 2318 1696 2366 &rdinan-

105 2406 224 2454 dum
261 2413 330 2454 rei
366 2409 591 2469 publicae
629 2417 825 2468 statum,
865 2410 1023 2456 fastes
1065 2410 1277 2456 correxit
1313 2423 1594 2470 annumque
1635 2407 1698 2454 ad

105 2511 299 2544 cursum
348 2498 460 2544 selis
508 2497 920 2558 accommodavit,
965 2506 1017 2545 ut
1066 2502 1399 2545 trecentorum
1449 2497 1700 2558 sexaginta
1735 2521 1775 2559 25

105 2591 319 2647 quinque
379 2585 571 2633 dierum
632 2595 760 2634 esset
819 2595 868 2634 et
928 2587 1236 2634 intercalari&
1290 2591 1458 2634 mense
1508 2586 1698 2633 sublate

108 2760 138 2786 1.
164 2750 421 2796 praedica-uie,
433 2752 580 2797 praise,
599 2751 715 2788 boast.
950 2762 1005 2797 17.
1034 2752 1211 2797 vestigio,
1222 2752 1428 2799 footprz'nt,
1447 2751 1567 2788 track.

104 2823 138 2858 3.
165 2812 333 2856 titulum,
353 2813 592 2860 inscription,
613 2814 746 2850 notice.
947 2816 1004 2850 26.
1032 2814 1279 2849 intercalari&
1300 2824 1448 2857 mense,
1465 2813 1701 2858 intercalant!

103 2884 137 2921 5.
164 2873 395 2920 refoventes,
410 2876 611 2922 warming
627 2888 729 2920 over,
748 2876 943 2923 reviving.
1082 2877 1225 2912 montlz.
