1946 3116
543 131 768 180 [Isarcus
817 129 1033 179 Tullius
1077 127 1123 180 C
1122 128 1253 179 icero
1427 132 1437 144 ⁹
1624 133 1653 180 8
1662 145 1688 194 3

94 317 296 365 tandem
344 332 457 364 eum
507 324 555 363 et
604 316 745 377 fugae
789 323 838 362 et
879 320 1005 361 vitae
1055 314 1188 375 cepit
1236 329 1578 376 regressusque
1628 316 1691 363 ad

93 407 269 468 villam,
337 405 621 463 “Moriar,'’
671 404 844 465 inquit,
893 403 989 449 “in
1037 403 1195 464 patria
1252 418 1401 464 saepe
1455 406 1690 452 servata.’'

94 495 217 543 Satis
261 499 469 553 censtat,
507 492 886 540 adventantibus
937 491 1304 553 percusseribus
1347 497 1510 540 serves
1558 493 1689 540 forti-

93 593 168 632 ter
214 583 524 644 fideliterque
574 584 770 643 paretes
821 581 967 627 fuisse
1017 579 1080 627 ad
1130 580 1485 640 dimicandum,
1530 581 1691 643 ipsum

93 673 278 734 depeni
319 673 546 719 lecticam
590 679 639 717 et
682 671 874 731 quietes
918 675 1034 731 pati,
1076 669 1213 730 quod
1253 656 1357 717 sors
1400 670 1566 731 iniqua
1608 675 1690 718 ce—

91 770 243 824 geret‚
270 761 478 808 iussisse.
553 760 855 834 Preminenti
897 774 957 805 ex
996 759 1172 805 lectica
1208 767 1256 806 et
1292 759 1549 806 immetam
1587 775 1689 807 cer-

92 856 248 898 vicem
298 850 556 911 praebenti
599 842 747 909 caput
791 853 1067 909 praecisum
1112 855 1199 895 est.
1273 849 1452 895 Manes
1492 864 1690 910 quoque

92 940 309 988 abscisae
329 956 342 998 ,-
392 946 541 1000 caput
578 938 784 984 relatum
819 945 891 984 est
929 936 991 983 ad
1025 936 1295 983 Antenium
1333 937 1534 999 eiusque
1561 938 1691 985 iussi-1

91 1044 205 1075 cum
242 1028 414 1075 dextra
450 1031 597 1074 mansi
632 1027 683 1073 in
720 1031 884 1073 restris
920 1025 1151 1088 positum.

160 1118 324 1179 Quam
350 1116 435 1164 diu
460 1120 537 1163 res
567 1115 765 1177 publica
796 1116 1025 1162 Remana
1061 1129 1149 1176 per
1174 1119 1259 1162 ees
1283 1115 1557 1177 gerebatur,
1584 1116 1688 1177 qui-

91 1207 180 1255 bus
224 1210 276 1254 se
317 1206 425 1267 ipsa
466 1210 796 1263 commiserat,
837 1204 888 1262 in
928 1219 1038 1251 eam
1082 1208 1220 1250 ceras
1265 1204 1689 1266 cegitatienesque

90 1296 192 1343 fere
229 1299 402 1343 omnes
445 1299 554 1342 suas
596 1294 885 1342 censerebat
923 1293 1101 1340 Cicere
1146 1301 1194 1340 et
1236 1293 1344 1354 pli-is
1382 1308 1563 1354 operae
1600 1298 1687 1355 pe-

90 1385 239 1434 nebat
298 1385 348 1431 in
406 1383 601 1446 agende
660 1399 809 1445 quam
868 1383 919 1429 in
978 1381 1256 1429 scribende.
1343 1382 1471 1430 Cum
1523 1391 1689 1430 autem

92 1474 347 1522 dominati-1
398 1478 537 1521 finius
590 1473 701 1520 Ifilii
749 1472 971 1520 Caesaris
1026 1471 1194 1518 omnia
1250 1475 1545 1530 tenerentur,
1589 1476 1689 1518 nen

90 1567 143 1611 se
179 1563 442 1625 angeribus
480 1561 674 1609 dedidit
716 1576 810 1608 nec
850 1560 1062 1622 indignis
1102 1560 1303 1607 homine
1341 1560 1492 1608 docte
1517 1561 1686 1622 volup-

91 1652 286 1700 tatibus.
360 1651 571 1713 Fugiens
615 1655 940 1711 censpectum
963 1649 1077 1696 Fori
1123 1649 1355 1710 urbisque
1397 1654 1507 1696 rura
1548 1665 1686 1712 pera-

90 1741 275 1803 grabat,
308 1741 623 1801 abdebatque
673 1743 724 1786 se
778 1746 1016 1800 quantum
1065 1738 1261 1797 licebat,
1301 1746 1349 1785 et
1393 1739 1521 1786 selus
1570 1747 1686 1786 erat.

92 1830 228 1877 Nihil
266 1845 410 1891 agere
451 1837 616 1875 autem
656 1844 770 1875 cum
809 1828 999 1874 animus
1038 1831 1139 1874 nen
1176 1835 1358 1889 posset,
1398 1828 1689 1875 existimavit

89 1918 433 1966 honestissime
478 1917 726 1965 molestias
767 1932 913 1978 posse
955 1916 1154 1977 depeni,
1193 1921 1232 1963 si
1274 1920 1324 1964 se
1367 1916 1430 1963 ad
1472 1917 1686 1978 philoso-

89 2008 257 2069 phiam
300 2007 578 2065 rettulisset,
618 2012 696 2053 cui
738 2006 1028 2053 adulescens
1075 2006 1283 2052 multum
1328 2006 1563 2067 temporis
1606 2006 1685 2052 tri-

90 2097 277 2155 buerat,
316 2104 366 2143 et
406 2111 554 2143 omne
598 2095 815 2143 studium
858 2099 1126 2156 ceramque
1173 2094 1414 2142 convertit
1461 2093 1523 2141 ad
1573 2100 1685 2141 scri-

91 2185 309 2233 bendum
330 2203 342 2244 3
380 2193 528 2246 atque
558 2192 611 2232 ut
641 2185 825 2232 civibus
853 2184 1002 2231 etiam
1028 2184 1212 2231 etiesus
1240 2183 1424 2245 aliquid
1451 2183 1686 2244 predesse

90 2282 273 2337 posset,
312 2274 594 2333 elaberavit,
632 2282 684 2320 ut
733 2272 981 2321 doctieres
1030 2273 1204 2320 fierent
1253 2280 1301 2319 et
1350 2272 1685 2334 sapientieres,

91 2363 327 2426 pluraque
361 2363 497 2410 brevi
530 2371 754 2424 tempore
785 2366 954 2409 eversa
986 2366 1038 2409 re
1070 2362 1269 2424 pfiblica
1304 2362 1509 2423 scripsit,
1537 2376 1684 2422 quam

91 2453 252 2499 multis
289 2457 425 2498 annis
465 2456 522 2498 ea
559 2459 717 2498 stante
755 2457 1030 2512 scripserat.
1102 2451 1178 2498 Sic
1207 2450 1472 2497 facundiae
1510 2458 1558 2497 et
1596 2451 1684 2496 La-

90 2546 300 2588 tinarum
331 2541 602 2588 litterarum
633 2544 809 2602 parens
847 2540 998 2587 evasit
1036 2540 1294 2601 paruitque
1321 2540 1532 2586 virerum
1561 2540 1684 2600 sapi-

90 2709 125 2746 5.
156 2699 348 2743 lecticam,
367 2698 486 2736 litter.
849 2707 904 2744 15.
931 2698 1158 2743 angeribus,
1178 2697 1375 2734 vexation.

91 2762 126 2798 6.
152 2762 403 2805 Drssminenti,
424 2764 586 2810 leaning
601 2768 674 2800 out,
851 2761 907 2797 16.
934 2762 1036 2803 rfira,
1055 2761 1117 2795 tlze
1137 2764 1306 2804 country.

90 2833 126 2868 7.
153 2825 358 2867 cervicem,
377 2823 484 2860 neck.
852 2832 908 2870 25.
936 2822 1149 2858 facundiae
1174 2822 1262 2869 (for,
1282 2821 1391 2868 fari),
1416 2823 1625 2868 eloquence.

1729 1138 1772 1162 10

1728 1581 1767 1620 Ι5

1724 2025 1770 2050 20

1724 2468 1764 2503 25
