1946 3116
442 144 683 195 Publius
728 143 1009 196 Cornelius
1052 145 1233 211 Scipio
1584 161 1651 213 39

56 341 104 379 et
123 347 267 394 grave
289 331 468 379 bellum
496 331 693 378 horrere
719 331 1003 392 apparebat.
1074 332 1215 377 Tunc
1242 331 1403 391 Scipie
1431 332 1650 378 militiam

57 426 123 468 eis
159 424 211 467 se
248 424 559 467 remissi—uum
598 420 679 478 ait,
701 425 739 466 si
772 435 906 466 arma
940 428 988 466 et
1020 424 1172 480 eques
1207 421 1437 468 militibus
1469 423 1649 469 Rema-

55 515 127 556 nis
165 509 430 556 voluissent
473 509 681 555 tradere.
772 509 910 555 Laeti
957 507 1307 556 condicionem
1353 513 1652 571 acceperunt

55 599 254 645 iuvenes
302 598 464 645 Siculi.
542 599 619 644 Ita
666 598 828 658 Scipio
873 597 975 644 sine
1025 597 1222 659 pfiblica
1269 598 1492 659 impensa
1540 603 1651 646 sues

54 687 279 734 instrfixit
316 686 602 747 ernavitque
642 687 847 747 equites.

121 777 262 822 Tunc
300 775 462 836 Scipio
499 790 559 822 ex
597 775 759 822 Sicilia
796 775 846 821 in
877 766 1095 821 Rfricarn
1120 780 1266 822 vente
1294 776 1512 823 secunde
1539 792 1650 838 pro—

56 865 210 911 fectus
248 872 321 911 est
358 868 494 911 tante
533 864 740 910 militum
777 864 968 923 ardere,
995 872 1048 911 ut
1085 868 1184 911 nen
1221 864 1284 911 ad
1322 865 1504 911 bellum
1539 865 1653 912 dsici

54 953 352 1012 viderentur,
397 953 484 1000 sed
534 954 597 1000 ad
645 961 782 1000 certa
826 953 1060 999 victeriae
1110 953 1342 1014 praemia.
1414 954 1653 1000 Celeriter

55 1046 202 1089 naves
250 1047 276 1089 e
324 1046 596 1104 censpectfl
645 1042 835 1090 Siciliae
885 1042 1075 1089 ablatae
1124 1050 1236 1088 sunt
1284 1046 1652 1103 censpectaque

56 1132 189 1179 brevi
230 1120 424 1177 Rfricae
468 1131 622 1178 litora.
695 1131 858 1192 Scipie
908 1146 1021 1177 cum
1066 1130 1322 1192 egrediens
1366 1131 1429 1178 ad
1471 1139 1651 1177 terram

55 1224 164 1267 navi
189 1220 443 1281 prelapsus
475 1228 602 1267 esset
636 1227 685 1266 et
715 1220 779 1267 ob
810 1220 905 1266 hec
939 1219 1174 1266 attonites
1206 1219 1381 1266 milites
1411 1228 1649 1278 cerneret,

55 1309 122 1368 id,
149 1308 284 1370 quod
311 1308 690 1370 trepidationem
718 1308 990 1367 adferebat,
1016 1309 1066 1355 in
1092 1309 1421 1355 hortationem
1449 1324 1649 1356 conver-

55 1402 178 1457 tens,
234 1401 262 1423 “
279 1387 494 1444 Rfricam
527 1399 795 1459 oppressi‚'’
825 1398 998 1459 inquit,
1027 1398 1250 1445 “milites
1275 1400 1282 1445 1
1303 1399 1328 1419 '’
1403 1399 1651 1459 Expositis

55 1487 210 1549 cepiis
243 1487 294 1534 in
330 1487 562 1548 proximis
600 1488 795 1536 tumulis
832 1496 990 1534 castra
1026 1491 1235 1534 metatus
1274 1495 1361 1534 est.
1435 1488 1511 1535 Ibi
1542 1503 1650 1549 spe-

55 1576 295 1623 culateres
328 1576 543 1623 hostium
576 1576 627 1623 in
659 1582 827 1623 castris
871 1576 1211 1637 deprehenses
1250 1585 1298 1623 et
1340 1575 1403 1623 ad
1447 1580 1499 1623 se
1542 1591 1649 1637 per-

55 1664 232 1713 ductes
268 1680 362 1712 nec
399 1665 639 1726 supplicis)
678 1664 867 1712 adfecit
900 1681 994 1712 nec
1034 1665 1098 1712 de
1131 1665 1344 1712 censiliis
1377 1681 1435 1712 ac
1472 1665 1650 1713 viribus

56 1756 333 1802 Poenerum
360 1759 675 1816 percontatus
713 1762 801 1813 est,
828 1754 916 1801 sed
949 1754 1078 1801 circa
1114 1758 1286 1801 omnes
1324 1755 1535 1801 Remani
1568 1769 1649 1801 ex-

56 1844 233 1891 ercitfis
276 1843 551 1905 manipules
594 1843 778 1890 miravit
820 1842 1176 1903 dedfice11d6s3
1226 1842 1343 1890 dein
1384 1844 1650 1904 interroga-

55 1937 145 1991 tes,
189 1948 306 1979 num
356 1948 414 1979 ea
460 1932 574 1980 satis
617 1931 1024 1991 censiderassent,
1063 1947 1189 1993 quae
1233 1932 1472 1993 speculari
1513 1940 1650 1979 erant

55 2022 184 2081 nissi,
220 2021 428 2083 prandi&
465 2021 583 2069 date
620 2022 891 2068 incolumes
929 2021 1126 2068 dimisit.

124 2111 339 2172 Scipioni
368 2111 418 2157 in
443 2097 659 2157 Kfricam
692 2110 974 2164 advenienti
1011 2110 1272 2157 Masinissa
1308 2114 1360 2157 se
1397 2110 1650 2157 conii-inxit

56 2215 168 2247 cum
193 2205 341 2261 parva
366 2200 586 2260 equitum
620 2204 793 2246 turma.
865 2199 1062 2260 Syphax
1096 2203 1213 2246 vere
1250 2204 1278 2245 a
1314 2200 1548 2246 Remanis
1586 2198 1649 2245 ad

58 2291 250 2337 Poenes
289 2288 555 2336 defecerat.
628 2288 928 2347 Hasdrubal,
957 2290 1235 2335 Poenerum
1272 2288 1389 2346 dux,
1431 2288 1647 2349 Syphax-

56 2393 152 2439 que
193 2379 408 2440 Scipieni
451 2382 502 2425 se
542 2382 878 2439 opposuerunt
897 2395 910 2436 3
948 2383 1033 2438 qui
1069 2383 1318 2439 utriusque
1359 2385 1517 2424 castra
1554 2381 1651 2424 sina

55 2475 204 2515 nocte
241 2467 461 2528 perri—ipit
498 2475 547 2515 et
584 2466 820 2514 incendit.
892 2467 1088 2528 Syphax
1112 2467 1219 2528 ipse
1245 2474 1418 2528 captus
1445 2474 1492 2513 et
1517 2471 1649 2513 vivus
1713 2482 1725 2490 ·

56 2555 120 2603 ad
146 2557 427 2617 Scipienem
454 2565 725 2617 pertractus
752 2564 840 2603 est.
912 2556 1187 2618 Syphacem
1212 2556 1263 2602 in
1288 2563 1445 2602 castra
1469 2554 1650 2602 addfici

57 2659 171 2691 cum
214 2653 341 2692 esset
384 2646 674 2704 nfintiatum,
713 2645 872 2692 omnis
913 2645 1045 2692 velut
1084 2645 1148 2692 ad
1189 2645 1524 2706 spectaculum
1567 2644 1648 2690 tri-

56 2733 229 2794 umphi
266 2733 528 2781 multitiide
569 2734 720 2781 effi-isa
758 2742 862 2794 est3
905 2734 1239 2795 praecedebat
1280 2734 1384 2794 ipse
1426 2733 1615 2779 vinctus
1635 2749 1648 2791 3

58 2822 352 2883 sequebatur
387 2838 505 2884 grex
542 2823 780 2871 nebilium
824 2825 1125 2871 Maurerum.
1199 2822 1437 2870 Movebat
1478 2825 1649 2868 omnes

1692 1151 1732 1174 10

1691 1593 1729 1630 Ι5

1685 2038 1730 2062 20
