1946 3116
94 1439 137 1463 10

96 1886 135 1924 15

93 2335 139 2359 20

179 164 239 200 12
550 148 710 201 Urbis
749 150 960 200 Romae
1005 147 1129 200 Vz'rz·
1163 147 1415 198 Illzcstres

197 381 336 428 VII.
379 382 619 427 Servius
656 382 906 435 Tullius,
932 382 1350 425 Romanorum
1379 382 1488 423 τ’ἓευ
1518 381 1741 423 sextus.

828 492 1020 540 578-534
1051 498 1129 527 B-C-

239 606 357 652 Post
392 604 524 651 hunc
564 603 758 652 Servius
798 603 986 650 Tullius
1033 602 1250 663 suscepit
1287 600 1551 662 imperium
1588 599 1784 662 genitus

172 709 233 741 ex
257 694 411 742 nobili
436 694 638 752 femina,
666 697 861 755 captiva
891 700 1061 739 tamen
1095 699 1143 739 et
1181 691 1375 738 famula.
1449 690 1547 750 Qui
1584 704 1697 735 cum
1734 689 1785 734 in

171 784 325 831 domo
349 784 603 845 Tarquinii
638 785 788 830 Prisci
826 781 1135 841 educaretur,
1165 782 1324 827 ferunt
1362 779 1643 841 prodigium
1681 781 1785 825 visu

172 877 449 935 eventi-ique
495 873 715 921 mirabile
759 872 1017 920 accidisse.
1112 870 1366 917 Flammae
1411 869 1603 930 speciEs
1646 871 1786 929 pueri

172 963 462 1012 dormientis
488 972 638 1025 eaput
663 963 891 1025 amplexa
917 970 1006 1010 est.
1083 961 1200 1007 Hoc
1233 963 1338 1006 visu
1373 958 1616 1019 Tanaquil
1653 972 1783 1004 sum-

172 1070 305 1101 mam
332 1059 376 1101 ei
409 1053 699 1116 dignitatem
736 1053 969 1114 portendi
1006 1050 1246 1098 intellexit
1284 1049 1580 1110 coniugique
1618 1047 1783 1106 suasit,

171 1152 225 1191 ut
263 1159 377 1190 eum
413 1143 545 1190 haud
585 1159 725 1191 secus
764 1159 822 1190 ac
866 1147 980 1190 suos
1017 1142 1197 1189 liberos
1238 1138 1489 1186 {ducaret
1563 1138 1612 1184 Is
1649 1145 1782 1199 post-

173 1249 323 1296 quam
352 1232 584 1292 adolevit,
613 1242 661 1280 et
686 1233 972 1280 fortitfidine
1001 1241 1050 1279 et
1077 1230 1283 1278 consilio
1314 1227 1514 1290 insignis
1547 1227 1651 1274 fuit.
1725 1228 1786 1274 In

173 1323 363 1386 proelio
390 1323 625 1385 quodam,
656 1323 705 1370 in
732 1327 830 1384 quo
858 1327 943 1370 rex
976 1321 1272 1383 Tarquinius
1311 1318 1543 1366 adversus
1580 1318 1786 1367 Sabinos

174 1413 408 1472 conflixit,
448 1413 681 1461 militibus
719 1413 915 1474 segnius
952 1411 1317 1469 dimicantibus,
1360 1419 1556 1472 raptum
1594 1415 1786 1472 signum

173 1504 223 1550 in
266 1503 460 1551 hostem
505 1503 649 1550 misit.
724 1503 875 1550 Cuius
920 1500 1193 1564 reeipiendi
1234 1501 1389 1563 gratia
1430 1502 1646 1548 Romani
1685 1508 1786 1547 tam

175 1593 352 1640 acriter
376 1596 732 1654 pugnaverunt,
759 1601 813 1639 ut
850 1600 899 1639 et
937 1597 1128 1654 signum
1162 1600 1211 1638 et
1246 1591 1504 1639 victoriam
1531 1591 1785 1638 referrent.

176 1683 289 1743 Qua
313 1686 364 1729 re
403 1687 431 1729 a
465 1682 735 1743 Tarquinio
772 1697 923 1744 gener
960 1681 1250 1743 adsumptus
1291 1690 1365 1730 est
1384 1700 1396 1742 3
1443 1690 1492 1729 et
1529 1697 1642 1728 cum
1667 1682 1786 1728 Tar-

174 1772 369 1834 quinius
407 1777 598 1819 occisus
637 1780 781 1830 esset,
815 1772 1074 1833 Tanaquil,
1109 1772 1364 1833 Tarquinii
1396 1788 1533 1830 uxor,
1574 1779 1787 1818 mortem

176 1862 278 1909 eius
304 1861 496 1920 celavit,
523 1861 864 1923 populumque
891 1877 951 1908 ex
979 1862 1230 1922 superiore
1258 1870 1397 1924 parte
1425 1860 1623 1908 aedium
1651 1859 1786 1907 adlo-

175 1955 289 1998 cuta
314 1951 396 2010 ait,
423 1955 590 2012 regem
616 1966 761 2012 grave
789 1951 1010 2012 quidem,
1036 1950 1124 1998 sed
1150 1956 1252 1998 non
1277 1951 1420 1998 letale
1446 1950 1620 1997 vulnus
1645 1953 1786 1996 acee-

175 2041 321 2103 pisse,
372 2056 584 2102 eumque
635 2049 821 2102 petere,
867 2049 920 2087 ut
969 2041 1182 2099 interim,
1235 2040 1353 2087 dum
1404 2040 1786 2097 convalesceret,

176 2130 343 2179 Servio
368 2130 529 2177 Tullio
557 2130 693 2177 dicto
719 2130 977 2177 audientes
1007 2138 1183 2177 essent.
1258 2131 1334 2178 Sic
1373 2129 1565 2177 Servius
1600 2128 1788 2175 Tullius

176 2224 379 2282 rEgnare
406 2220 588 2281 eoepit,
617 2219 705 2267 sed
733 2223 869 2267 rEcte
901 2220 1165 2281 imperium
1205 2218 1580 2266 administravit.
1653 2217 1786 2266 Sabi-

176 2314 266 2356 nos
293 2309 486 2370 subegit
506 2326 518 2368 3
559 2313 753 2356 montes
780 2313 894 2368 ἐι-ἔς,
925 2309 1247 2370 Quirinalem,
1268 2309 1582 2367 Viminalem,
1611 2307 1785 2368 Esqui-

175 2399 328 2445 linum
364 2398 472 2445 urbi
508 2397 731 2445 adiunxit
752 2416 763 2457 3
816 2399 967 2445 fossas
1006 2399 1138 2445 Circa
1175 2403 1369 2445 msirum
1414 2397 1567 2445 duxit.
1638 2385 1787 2443 idem

177 2491 381 2534 cEnsum
408 2485 667 2545 ordinavit,
696 2495 744 2533 et
770 2487 1008 2548 populum
1040 2488 1090 2533 in
1117 2488 1295 2533 classEs
1328 2495 1376 2533 et
1407 2486 1652 2533 centurias
1688 2485 1784 2532 dis-

177 2576 359 2624 tribuit.

245 2665 438 2713 Servius
486 2665 673 2711 Tullius
723 2664 924 2726 aliquod
974 2665 1080 2712 urbi
1134 2665 1287 2712 decus
1336 2663 1523 2711 addere
1572 2663 1786 2711 volt—ebat.

122 2782 134 2790 -
179 2757 285 2802 Iam
336 2762 440 2801 tum
489 2754 711 2800 inclitum
765 2762 866 2800 erat
916 2754 1107 2801 Dianae
1159 2753 1408 2814 Ephesiae
1460 2753 1646 2799 fanum.
1726 2752 1787 2800 Id

177 2844 508 2892 communiter
556 2859 584 2890 a
633 2842 908 2890 civitatibus
957 2843 1102 2890 Asiae
1152 2843 1338 2889 factum
1387 2842 1522 2889 fama
1582 2841 1785 2889 ferEbat.
