1946 3116
153 1166 196 1190 10

153 1608 193 1647 Ι5

151 2058 198 2083 20

152 2507 196 2546 25

233 157 307 208 40
611 141 772 194 Urbis
811 142 1024 193 Romae
1068 142 1120 193 V
1113 141 1192 191 2'7‘2‘
1227 142 1484 193 lllztstres

233 330 429 378 fortfina
446 330 549 390 viri,
571 329 709 377 caius
736 329 1003 376 amicitiam
1032 329 1150 377 olim
1177 330 1341 391 Scipio
1368 331 1595 392 petierat.
1657 333 1851 394 Rogem

232 421 453 482 aliosque
491 424 710 482 captivos
749 421 964 466 Romam
1003 419 1134 466 misit
1171 419 1335 481 Scipio
1355 437 1368 480 3
1410 421 1738 480 Masinissam,
1768 427 1852 483 qui

233 510 431 574 ogregio
457 526 561 558 rem
588 511 870 557 Romanam
897 508 1168 568 adioverat,
1196 514 1344 556 aurea
1370 514 1555 557 corona
1581 510 1799 559 donavit.

301 602 448 648 Haec
486 608 536 647 et
573 599 714 659 aliae,
742 614 869 661 quae
902 599 1252 660 sequ'e‘bantur,
1281 598 1446 646 clados
1474 599 1846 662 Carthaginion-

232 691 364 739 sibus
390 698 581 737 tantum
609 689 805 737 terroris
831 689 1114 747 intulorunt,
1143 697 1196 736 ut
1229 688 1568 737 Hannibalem
1607 705 1668 736 ex
1700 683 1849 738 ltalia

231 780 297 828 ad
332 780 570 828 tuendam
614 779 825 841 patriam
868 783 1172 827 revocarent.
1248 777 1505 826 Frendons
1541 783 1846 841 gemensque

231 886 289 918 ac
337 869 419 917 vix
466 869 678 916 lacrimis
727 874 1025 931 temperans,
1064 868 1104 916 is
1148 867 1327 915 dicitur
1375 868 1648 930 logatorum
1696 870 1847 917 verba

231 960 425 1007 audisse
476 959 823 1020 mandatiSque
872 958 1108 1021 paruisse.
1182 958 1424 1019 Respoxit
1474 973 1623 1019 saepe
1671 952 1845 1006 Ttaliae

231 1051 386 1109 litora,
414 1053 571 1096 semet
609 1053 861 1107 accosans,
890 1047 1027 1110 quod
1058 1052 1159 1095 non
1188 1052 1427 1094 victorem
1455 1048 1726 1095 exercitum
1751 1056 1844 1096 sta-

232 1140 320 1187 tim
359 1139 421 1188 ab
452 1139 702 1187 Cannonsi
728 1142 893 1200 pogna
919 1139 1136 1185 Romam
1162 1137 1397 1185 doxisset.
1470 1139 1672 1184 Zamam
1698 1142 1845 1185 vone-

231 1238 305 1277 rat
332 1229 601 1288 Hannibal,
624 1243 750 1290 quae
778 1228 892 1276 urbs
919 1234 1135 1289 quinque
1163 1227 1354 1274 diorum
1376 1227 1469 1274 iter
1493 1232 1521 1274 a
1547 1227 1845 1290 Carthagine

233 1320 388 1379 abest,
430 1327 479 1366 et
522 1319 748 1365 nantium
792 1318 857 1365 ad
898 1317 1182 1379 Scipionem
1226 1317 1372 1376 misit,
1415 1324 1469 1363 ut
1511 1316 1847 1378 conloquendi

234 1413 402 1457 socum
429 1413 727 1470 potestatem
756 1408 957 1455 faceret.
1030 1407 1194 1469 Scipio
1221 1422 1336 1453 cum
1363 1406 1685 1467 conloquium
1713 1406 1845 1454 haud

233 1499 500 1558 abnuisset,
539 1497 646 1545 dios
689 1498 927 1559 locusque
971 1496 1300 1544 constituitur.
1375 1497 1551 1557 Itaque
1595 1501 1847 1558 congressi

233 1597 346 1637 sunt
396 1589 498 1636 duo
541 1587 796 1635 clarissimi
837 1602 955 1634 suae
995 1586 1168 1633 aetatis
1212 1585 1380 1633 ducos
1467 1586 1717 1634 Stetorunt
1760 1586 1843 1633 ali—

233 1677 471 1741 quamdifi
501 1677 637 1725 taciti
668 1681 936 1738 motuaque
970 1675 1296 1723 admiratione
1335 1674 1498 1722 dofixi.
1575 1676 1703 1724 Cum
1727 1680 1845 1724 voro

234 1769 299 1816 do
342 1767 724 1816 condicionibus
772 1766 910 1828 pacis
959 1766 1086 1813 inter
1135 1770 1220 1813 eos
1269 1769 1369 1812 non
1412 1765 1740 1825 convonisset,
1780 1766 1843 1813 ad

233 1862 347 1906 suos
406 1862 459 1905 so
519 1861 814 1918 recoporunt
867 1856 1218 1914 renfintiantos,
1269 1861 1414 1902 armis
1468 1854 1842 1903 docernendum

235 1963 357 1996 esse.
430 1948 711 1996 Commisso
762 1944 947 1993 deinde
996 1945 1186 2006 proelio
1236 1945 1491 1992 Hannibal
1529 1950 1685 1992 victus
1729 1961 1844 1992 curn

233 2046 466 2100 quattuor
513 2036 760 2098 equitibus
810 2035 948 2097 fagit.
1036 2035 1271 2082 Coterum
1320 2038 1528 2093 constat,
1579 2042 1843 2097 utrumque

235 2128 299 2176 do
336 2127 492 2175 altero
529 2126 810 2174 confessum
851 2140 973 2183 esse,
1005 2140 1100 2172 nec
1137 2124 1309 2171 melius
1345 2129 1518 2171 instrui
1552 2124 1712 2172 aciem
1749 2140 1843 2172 nec

234 2217 390 2265 acrius
427 2217 645 2279 potuisse
683 2220 903 2277 pognari.

303 2306 732 2368 Carthaginionsos
782 2309 916 2351 meto
975 2304 1187 2365 perculsi
1234 2303 1298 2351 ad
1346 2303 1616 2365 petendam
1664 2308 1842 2366 pacem

235 2400 452 2444 oratoros
491 2396 691 2442 mittunt
728 2395 925 2456 triginta
960 2393 1167 2440 civitatis
1205 2393 1469 2455 principos.
1544 2393 1643 2454 Qui
1675 2393 1759 2442 ubi
1794 2394 1843 2440 in

235 2495 394 2534 castra
437 2487 667 2533 Romana
706 2488 960 2541 vonorunt,
997 2482 1194 2529 veniam
1239 2482 1420 2529 civitati
1462 2482 1701 2543 petobant
1741 2487 1843 2530 non

236 2576 432 2637 culpam
483 2577 763 2637 pargantos,
799 2572 889 2620 sed
937 2571 1130 2618 initium
1181 2572 1355 2633 culpae
1403 2571 1452 2618 in
1503 2572 1841 2619 Hannibalem

236 2665 599 2713 transferentes.
669 2664 822 2709 Victis
849 2662 982 2723 logos
1008 2661 1244 2723 imposuit
1269 2660 1447 2722 Scipio.
1521 2661 1706 2722 Logati,
1728 2677 1840 2708 cum

236 2754 389 2801 nollas
427 2752 748 2800 condicionos
785 2754 1083 2808 recasarent,
1119 2752 1335 2797 Romam
1373 2749 1582 2811 profecti
1619 2758 1745 2810 sunt,
1772 2758 1840 2809 ut,

237 2858 364 2906 quae
390 2847 418 2890 a
443 2842 671 2904 Scipione
697 2848 845 2903 pacta
871 2847 1049 2899 essent,
1078 2854 1136 2886 ea
1161 2847 1355 2901 patrum
1381 2853 1439 2885 ac
1476 2839 1648 2901 populi
1673 2843 1841 2886 aucto-
