1946 3116
191 101 264 164 64
560 97 722 149 Urbis
757 97 969 148 Romae
1012 96 1135 149 Vim·
1172 97 1427 149 Illustres

192 286 479 334 testimenie
527 290 681 332 victus
733 283 937 332 Catulus
987 287 1015 331 e
1064 284 1297 332 centiene
1342 283 1585 334 discessit.
1659 289 1804 335 Pom-

193 376 348 438 peius,
377 375 628 437 dispositis
654 389 743 435 per
769 377 943 421 omnes
981 374 1129 421 maris
1166 378 1389 421 recessi—is
1426 376 1645 436 navibus,
1672 377 1808 425 brevi

193 471 433 514 terrarum
477 465 652 513 orbem
694 464 776 510 ίΠΞ
821 471 961 525 peste
1011 463 1265 524 liberavit3
1316 463 1596 526 praedenes
1645 467 1806 514 multis

193 557 313 604 locis
355 559 512 602 victes
563 553 725 613 fudit3
783 553 989 601 eesdem
1033 554 1083 600 in
1127 552 1439 602 deditienem
1479 560 1715 617 acceptes
1757 557 1808 603 in

193 646 396 694 urbibus
445 653 494 692 et
542 649 666 706 agris
711 643 884 713 procul
927 648 956 690 Ξ
998 648 1121 690 mari
1164 644 1459 692 conlocavit.
1534 645 1673 692 Nihil
1713 646 1807 693 hac

193 735 398 783 victeria
434 734 640 781 celerius
660 751 673 793 3
712 749 828 780 nam
866 733 994 780 intra
1030 732 1465 796 quadragesimum
1508 733 1643 782 diem
1682 740 1807 798 pira-

146 871 149 874 .
194 831 267 873 tas
304 829 410 872 tete
449 829 571 871 mari
608 823 811 885 expulit.

117 1113 160 1137 10

120 1567 159 1606 15

117 2011 163 2036 20

119 2455 162 2495 25

263 915 511 963 Cenfecte
572 913 705 962 belle
767 913 975 975 piratice
1036 914 1237 962 Gnaeus
1304 914 1572 976 Pompeius
1637 920 1810 963 contra

197 1003 541 1074 Mithridatem
586 1004 839 1065 profectus
882 1004 933 1050 in
972 1004 1141 1054 Asiam
1185 1009 1363 1066 magne
1401 1004 1653 1052 celeritate
1697 1020 1811 1053 con-

198 1094 372 1143 tendit.
446 1094 696 1142 Proelium
737 1110 851 1140 cum
898 1098 1012 1155 rege
1055 1098 1317 1141 censerere
1358 1094 1607 1156 cupiebat,
1645 1110 1809 1156 neque

197 1189 480 1247 opportuna
526 1184 736 1232 dabatur
783 1182 1039 1246 pugnandi
1081 1184 1298 1243 facultas,
1340 1184 1455 1245 quia
1494 1184 1810 1232 Mithridates

196 1274 410 1323 interdiu
453 1280 622 1321 castris
666 1278 717 1321 se
762 1273 1064 1332 continebat,
1103 1278 1254 1321 nocti-1
1302 1277 1418 1321 vere
1468 1273 1600 1321 haud
1650 1279 1810 1322 tutum

199 1374 302 1413 erat
329 1364 569 1427 congredi
600 1380 714 1411 cum
748 1364 891 1411 hoste
928 1364 979 1410 in
1015 1365 1136 1411 locis
1172 1368 1365 1425 ignetis.
1438 1365 1604 1412 Nocte
1643 1372 1811 1412 tamen

199 1454 466 1516 aliquande
510 1471 625 1501 curn
670 1454 937 1516 Pompeius
982 1453 1325 1500 Mithridatem
1369 1469 1626 1515 aggressus
1665 1463 1811 1514 esset,

199 1546 314 1593 hina
351 1550 531 1607 magne
570 1545 657 1592 fuit
695 1545 935 1591 Remanis
974 1544 1279 1591 adiumente.
1354 1544 1518 1604 Quam
1556 1560 1671 1591 cum
1708 1546 1810 1592 Ro-

199 1640 332 1682 mani
374 1641 402 1682 Ξ
444 1640 583 1697 terge
623 1635 880 1694 haberent,
906 1634 1112 1682 umbrae
1156 1648 1420 1695 corporum
1465 1634 1656 1696 longius
1698 1638 1810 1696 pre-

200 1726 358 1773 iectae
408 1725 471 1772 ad
523 1729 708 1787 primes
756 1740 912 1786 usque
957 1724 1173 1771 hostium
1218 1723 1417 1771 erdines
1462 1724 1810 1785 pertinebant3

199 1815 332 1862 unde
376 1815 578 1877 decepti
620 1814 741 1876 regii
784 1814 960 1861 milites
994 1814 1045 1860 in
1078 1814 1291 1872 umbras,
1320 1822 1573 1875 tamquam
1611 1814 1662 1860 in
1698 1829 1809 1876 pro-

200 1912 440 1968 pinquum
501 1906 712 1963 hostem,
762 1905 860 1952 tela
918 1904 1195 1952 mittebant.
1266 1905 1437 1950 Victus
1498 1903 1812 1951 Mithridates

199 1996 250 2043 in
288 1998 502 2043 Pontum
540 1995 777 2057 proffigit.
851 1994 1131 2041 Pharnaces
1162 1993 1288 2040 filius
1327 1993 1510 2041 bellum
1549 1999 1594 2040 ei
1634 1993 1811 2053 intulit,

200 2091 298 2147 qui,
343 2091 516 2133 occisis
565 2102 593 2132 a
640 2093 779 2146 patre
832 2084 1076 2142 fratribus,
1114 2088 1241 2130 vitae
1284 2098 1399 2130 suae
1439 2083 1545 2144 ipse
1588 2083 1811 2131 timebat.

201 2175 517 2223 Mithridates
566 2180 594 2222 Ξ
641 2175 746 2222 filie
797 2175 1024 2222 obsessus
1072 2177 1319 2220 venenum
1373 2173 1613 2234 sfimpsit3
1675 2173 1812 2235 quod

201 2281 315 2312 cum
353 2265 538 2312 tardius
577 2265 775 2323 subiret,
812 2264 927 2325 quia
964 2263 1198 2311 adversus
1235 2266 1426 2310 venena
1466 2263 1627 2310 multis
1666 2267 1813 2310 antea

202 2354 580 2402 medicamentis
617 2370 795 2416 corpus
832 2354 1132 2412 firmaverat,
1172 2358 1200 2400 Ξ
1240 2353 1392 2400 milite
1433 2352 1594 2413 Galle,
1629 2356 1657 2399 Ξ
1694 2356 1810 2414 que,

200 2452 254 2492 ut
292 2444 544 2491 adiuvaret
582 2448 649 2503 se,
678 2444 902 2505 petierat,
932 2444 1220 2490 interfectus
1259 2450 1345 2490 est.

269 2534 469 2596 Tigrani
505 2533 706 2592 deinde,
735 2533 999 2580 Armeniae
1037 2537 1152 2594 regi,
1189 2538 1272 2593 qui
1310 2530 1610 2579 Mithridatis
1647 2536 1812 2593 partes

226 2697 261 2730 4.
290 2685 551 2730 deditienem‚
572 2686 797 2722 surrender.
1054 2694 1109 2731 15.
1138 2684 1386 2727 adiumento,
1406 2684 1485 2727 aid,
1505 2684 1726 2721 assistance.

207 2759 262 2784 11.
288 2748 464 2791 facultas,
486 2748 740 2794 opportunity.
1054 2748 1109 2783 16.
1137 2748 1315 2789 umbrae,
1335 2747 1524 2782 slzadows.

207 2821 263 2848 12.
289 2809 473 2855 interdiu,
495 2810 535 2845 in
554 2811 617 2845 tlze
637 2810 815 2856 daytc'me.
1053 2820 1107 2856 17.
1135 2809 1399 2856 pertinebant,
1414 2808 1616 2846 extended.
