1946 3116
198 141 264 203 58
573 135 736 187 Urbis
775 135 986 186 Romae
1030 134 1149 186 Vim·
1184 134 1440 186 Illustres

193 333 282 385 ret,
308 325 495 373 levibus
534 324 730 386 proeliis
768 323 1013 371 lacessivit
1050 323 1308 372 Serterius.
1383 324 1531 383 Nam,
1559 340 1673 371 cum
1705 329 1806 372 nen

195 408 355 462 minus
381 423 552 461 cautus
580 422 708 461 esset
734 429 886 475 quam
913 418 1027 460 a‘cer
1059 413 1343 474 imperator,
1369 414 1624 462 universae
1662 415 1804 462 dimi-

194 505 401 551 cetienis
446 504 711 550 discrimen
754 503 953 563 vitebat,
999 502 1136 565 quod
1184 503 1426 564 imparem
1477 508 1529 551 se
1577 505 1806 552 universe

194 596 535 642 Remenerum
596 593 832 640 exercitui
890 598 1093 640 sentiret
1113 611 1125 652 3
1188 593 1386 640 interim
1433 598 1550 641 vere
1610 595 1805 642 hostem

137 702 153 741 5
193 684 376 731 crebris
415 683 605 730 damnis
645 683 896 744 fatigebat.

262 774 390 821 Cum
427 773 694 834 aliquande
735 773 912 820 milites
950 773 1053 819 eius
1097 777 1315 834 pugnam
1360 773 1638 821 incensulte
1672 773 1804 836 flegi-

193 869 355 911 tarent
396 878 559 924 neque
603 862 826 909 &ratic->ne
870 862 1002 909 flecti
1044 870 1263 923 possent,
1302 866 1365 909 ne
1408 878 1522 909 cum
1566 865 1806 912 Remanis

192 953 419 1001 universa
457 953 565 999 acie
604 952 869 1014 cenfligere
906 952 1103 1010 vellent,
1143 952 1384 999 Serterius
1423 954 1560 1000 vafre
1599 954 1805 1001 censilie

193 1048 279 1090 ees
317 1043 381 1090 ad
417 1058 556 1090 suam
594 1042 891 1090 sententiam
929 1042 1176 1103 perdi—ixit.
1251 1044 1391 1089 Dues
1431 1044 1563 1089 enim
1600 1044 1650 1090 in
1687 1049 1805 1091 cen-

113 1158 156 1183 10
193 1137 367 1195 spectfi
424 1138 598 1191 eerum
647 1133 903 1180 Censtituit
956 1136 1126 1193 eques,
1176 1133 1384 1179 alterum
1433 1133 1805 1194 validissimum,

193 1223 400 1270 alterum
426 1222 821 1269 infirmissimum
841 1240 853 1281 3
893 1238 951 1268 ac
978 1221 1162 1269 deinde
1188 1221 1337 1269 validi
1370 1223 1583 1270 caudam
1618 1224 1682 1271 ab
1714 1224 1804 1270 im-

193 1313 372 1362 becille
407 1328 525 1360 sene
562 1313 799 1374 pauletim
837 1318 986 1374 carpi,
1013 1312 1204 1358 infirmi
1239 1317 1266 1358 ai
1301 1312 1477 1360 iuvene
1514 1314 1806 1361 eximierum

192 1403 366 1450 virium
415 1403 693 1450 Universam
744 1403 955 1450 convelli
1004 1402 1158 1449 iussit.
1251 1402 1667 1464 Obtemperatum
1715 1405 1804 1451 im-

192 1493 333 1556 perie
359 1501 448 1540 est.
521 1493 618 1541 Sed
645 1493 765 1540 dum
796 1492 1128 1540 adulescentis
1163 1491 1338 1539 dextra
1361 1493 1508 1540 inrite
1546 1497 1599 1541 se
1635 1493 1805 1542 labere

114 1603 153 1641 15
194 1583 377 1645 fatigat,
404 1583 543 1630 senie
581 1583 812 1630 cenfecta
849 1598 1023 1629 manus
1061 1582 1291 1643 perfecit,
1330 1581 1466 1643 quod
1506 1583 1804 1645 imperetum

193 1681 306 1721 erat.
381 1674 523 1720 Tunc
573 1672 894 1721 barbarerum
944 1673 1168 1719 centieni
1215 1677 1518 1734 cegnescere
1568 1674 1804 1735 cupienti,

191 1767 426 1824 quersum
458 1778 517 1809 ea
549 1767 626 1810 res
651 1762 896 1821 tenderet,
954 1766 981 1787 “
1002 1764 1132 1823 Equi
1162 1761 1400 1822 caudae,''
1423 1762 1597 1824 inquit,
1626 1766 1654 1788 “
1673 1764 1803 1811 simi-

192 1853 249 1900 lis
290 1861 364 1900 est
408 1853 622 1901 hostium
668 1853 943 1911 exercitus,
994 1852 1130 1899 cuius
1174 1857 1259 1912 qui
1300 1856 1464 1913 partes
1508 1853 1803 1915 aggreditur,

193 1943 336 1990 facile
375 1951 541 2004 potest
579 1944 897 2005 opprimere,
936 1947 1110 1989 contre,
1145 1942 1266 1988 nihil
1303 1942 1546 2003 preficiet,
1578 1948 1663 2004 qui
1696 1944 1801 1991 fini-

109 2053 155 2078 20
190 2048 386 2080 versum
424 2033 684 2081 cenebitur
720 2033 1088 2094 presternere.”

260 2123 420 2171 Cerva
444 2123 554 2171 alba
588 2123 799 2170 eximiae
829 2121 1209 2184 pulchriti‘idinis
1245 2127 1273 2168 εἶ
1310 2122 1544 2169 Lusitano
1582 2122 1801 2183 quedam

191 2212 407 2260 Serterie
434 2212 569 2260 dene>
596 2212 713 2260 data
739 2221 827 2259 est.
901 2213 1049 2259 Hanc
1087 2212 1155 2259 ita
1191 2211 1553 2270 adsuefecerat,
1580 2220 1634 2259 ut
1664 2213 1799 2260 audi-

218 2360 249 2386 1.
277 2350 485 2394 lacessivit,
505 2351 687 2387 assailed.
1041 2361 1096 2396 14.
1125 2350 1253 2393 inrite,
1273 2354 1309 2385 to
1328 2361 1376 2385 710
1386 2337 1581 2396 purpose.-

214 2422 249 2460 5.
277 2414 424 2449 crebris
441 2414 612 2457 damnis,
622 2415 814 2461 frequent
825 2414 961 2454 losses„
1040 2424 1096 2459 17.
1125 2414 1331 2459 emersum,
1369 2414 1799 2460 wlzitlzm···qu6rsum

214 2477 249 2513 6.
276 2476 510 2520 incensulte.
547 2477 881 2522 inconsiderately.
958 2490 962 2501 ³
1175 2477 1366 2520 tenderet,
1393 2477 1501 2512 wlzat
1527 2488 1609 2512 was
1642 2477 1706 2512 tlze
1740 2478 1801 2514 ob-

213 2551 249 2585 7.
276 2539 392 2583 flecti,
412 2540 454 2575 be
479 2540 630 2584 turned,
651 2540 692 2575 be
720 2540 949 2587 influenced.
1165 2539 1258 2586 sect.

215 2603 249 2639 8.
275 2602 397 2646 vafre-2,
417 2604 553 2650 cmsty,
574 2603 709 2650 artficl.
1038 2613 1095 2639 21.
1124 2613 1250 2645 cerva,
1279 2602 1404 2643 laval,-
1434 2601 1639 2646 Lfisitene,
1662 2614 1713 2638 an
1740 2603 1800 2638 in-

194 2676 249 2702 12.
276 2666 489 2709 imbecille,
540 2666 676 2707 weak:
737 2668 856 2712 carpi,
908 2666 950 2701 be
1175 2665 1357 2700 babilam
1381 2665 1431 2712 of
1445 2665 1666 2710 Lusitania,
1693 2666 1799 2702 mod-

319 2729 491 2776 plucked
515 2733 592 2765 out.
1175 2738 1246 2762 ern
1265 2727 1469 2773 Portugal.

194 2802 249 2839 13.
277 2793 456 2836 convelli,
493 2793 535 2827 be
569 2792 711 2838 pulled
744 2796 836 2833 out:
880 2792 950 2827 ob-

328 2858 607 2902 temperatum,
634 2855 779 2901 obeyed.
