1946 3116
157 1133 201 1157 10

158 1583 197 1622 15

156 2035 202 2060 20

156 2481 199 2521 25

240 120 306 183 38
609 116 772 169 Urbis
811 117 1023 168 Romae
1068 116 1190 169 Vim·
1226 116 1482 168 Illustres

238 304 426 352 dudum
455 305 704 367 cupiEbat.
778 304 891 365 Qua
915 308 968 351 re
994 303 1058 351 ad
1086 286 1323 351 eum—tres
1351 303 1681 351 Numidarum
1719 310 1847 366 prin-

237 395 373 456 cipes
408 394 539 442 misit
576 394 639 441 ad
677 402 875 456 tempus
908 394 1176 454 locumque
1207 393 1477 454 conloquio
1514 394 1848 442 statuendum.

238 486 377 532 Duos
417 489 507 546 pro
548 483 803 532 obsidibus
842 483 1042 530 retineri
1079 488 1107 530 a
1150 482 1380 544 Scipione
1425 482 1594 543 iubet3
1644 488 1848 531 remisso

237 575 398 634 tertio,
426 579 510 635 qui
541 573 855 621 Masinissam
890 572 953 620 ad
992 573 1159 620 locum
1197 572 1521 620 constitutum
1559 572 1847 633 adduceret,

237 665 401 726 Scipio
433 672 482 711 et
513 663 775 711 Masinissa
805 679 920 709 cum
950 668 1120 724 paucis
1157 662 1208 709 in
1245 662 1567 723 conloquium
1591 666 1847 710 venerunt.

238 756 454 816 Ceperat
496 754 594 800 iam
639 761 754 800 ante
801 752 1075 800 Numidam
1117 767 1177 800 ex
1218 752 1352 800 fama
1395 756 1558 799 rErum
1600 757 1848 814 gestarum

236 844 496 892 admiratio
521 843 625 902 viri,
653 843 741 891 sed
768 843 925 890 maior
951 841 1225 904 praesentis
1250 842 1502 889 veneratio
1540 842 1675 903 cepit
1693 859 1706 902 3
1746 850 1850 889 erat

237 934 370 982 enim
397 934 447 981 in
471 934 607 981 vultu
633 933 861 981 maiestas
889 948 1081 979 summa
1100 949 1112 992 3
1157 931 1434 980 accEdebat
1472 936 1712 993 promissa
1737 947 1846 979 cae-

237 1024 385 1072 saries
412 1024 708 1084 habitusque
735 1022 974 1084 corporis,
995 1026 1095 1069 non
1116 1021 1275 1069 cultus
1303 1020 1570 1080 munditiis,
1589 1021 1678 1069 sed
1703 1021 1849 1078 virilis

235 1118 351 1162 vere
377 1129 435 1161 ac
461 1113 693 1172 militaris,
724 1121 772 1160 et
800 1113 979 1159 floreus
1006 1113 1219 1159 iuventa.
1288 1113 1451 1173 Prope
1477 1111 1713 1159 attonitus
1740 1111 1848 1174 ipso

238 1208 505 1266 congressu
546 1202 768 1250 Numida
806 1202 983 1264 gratias
1025 1201 1089 1249 de
1130 1202 1236 1249 silio
1277 1201 1432 1249 fratris
1472 1206 1675 1249 remisso
1716 1202 1848 1264 agit3

237 1295 473 1342 adfirmat
500 1297 551 1341 se
578 1308 638 1340 ex
672 1297 733 1340 eo
773 1300 1000 1354 tempore
1036 1307 1146 1339 eam
1182 1291 1479 1353 quaesivisse
1515 1292 1847 1351 occasionem,

237 1400 388 1446 quam
427 1383 631 1431 tandem
671 1382 887 1431 oblatam
927 1387 1028 1429 non
1067 1382 1286 1429 omiserit
1306 1399 1319 1441 3
1368 1396 1553 1444 cupere
1598 1386 1649 1429 se
1691 1382 1758 1428 illi
1801 1390 1849 1429 et

238 1475 425 1537 populo
475 1475 704 1521 Romano
754 1487 959 1534 operam
1008 1477 1200 1520 navare.
1292 1472 1472 1519 Laetus
1521 1487 1635 1519 eum
1684 1471 1848 1535 Scipio

239 1564 423 1612 audivit
460 1572 607 1625 atque
646 1563 696 1609 in
734 1562 1025 1610 societatem
1063 1562 1264 1624 recepit.

307 1654 472 1716 Scipio
517 1653 700 1702 deinde
750 1654 965 1700 Romam
1015 1651 1161 1700 rediit
1211 1660 1261 1700 et
1308 1660 1422 1700 ante
1471 1656 1628 1700 annos
1677 1652 1848 1700 consul

238 1746 394 1792 factus
438 1751 526 1791 est.
599 1743 764 1791 Sicilia
806 1747 851 1789 ei
892 1742 1145 1804 provincia
1185 1742 1388 1790 decreta
1426 1751 1498 1789 est
1532 1748 1845 1804 permissum-

239 1849 351 1896 que,
382 1841 436 1882 ut
472 1833 522 1880 in
557 1819 774 1880 {fricam
817 1831 934 1880 inde
978 1832 1220 1881 traiceret.
1301 1832 1400 1893 Qui
1441 1848 1555 1879 cum
1597 1832 1746 1879 vellet
1788 1847 1849 1879 ex

239 1923 513 1972 fortissimis
553 1922 803 1984 peditibus
845 1923 1083 1970 Romanis
1125 1927 1461 1971 trecentorum
1503 1922 1725 1983 equitum
1758 1938 1845 1969 nu-

239 2029 429 2061 merum
464 2013 733 2074 complere,
758 2027 852 2059 nec
890 2019 1060 2074 posset
1097 2012 1205 2060 illos
1240 2012 1404 2060 subito
1441 2018 1586 2059 armis
1624 2020 1672 2059 et
1710 2017 1846 2074 equis

237 2109 492 2162 instruere,
540 2102 593 2151 id
645 2101 876 2163 prfidenti
929 2102 1135 2149 consilio
1188 2102 1417 2164 perfecit.
1505 2103 1737 2164 Namque
1788 2118 1849 2149 ex

239 2198 376 2241 omni
407 2192 569 2240 Sicilia
599 2196 845 2239 trecentos
877 2192 1077 2239 iuvenes
1108 2192 1439 2241 nobilissimos
1477 2201 1527 2240 et
1564 2192 1846 2251 ditissimos,

238 2288 323 2344 qui
348 2288 484 2344 equis
510 2282 774 2328 militarent
806 2289 854 2328 et
885 2285 1055 2328 secum
1087 2282 1138 2329 in
1171 2270 1387 2330 Rfricam
1425 2283 1703 2342 traicerent,
1730 2282 1847 2344 legit

239 2371 472 2433 diemque
512 2376 580 2418 eis
623 2371 791 2429 edixit,
830 2375 927 2431 qua
970 2377 1107 2433 equis
1147 2378 1392 2433 armisque
1434 2376 1657 2420 instructi
1698 2380 1846 2433 atque

240 2466 397 2509 ornati
433 2460 680 2508 adessent.
754 2460 928 2508 Gravis
973 2475 1032 2507 ea
1073 2461 1258 2520 militia,
1297 2462 1469 2522 procul
1512 2462 1680 2520 domo,
1721 2467 1848 2509 terra

240 2556 459 2611 marique
498 2549 678 2596 multos
712 2549 920 2607 labores,
949 2554 1126 2611 magna
1162 2551 1380 2611 pericula
1404 2550 1623 2597 adlati-ira
1646 2550 1845 2598 videba-

239 2648 348 2699 tur3
385 2654 549 2700 neque
576 2638 708 2700 ipsos
734 2637 904 2697 modO,
932 2637 1020 2684 sed
1047 2643 1278 2700 parentes
1309 2644 1646 2701 cognatosque
1674 2645 1847 2687 eorum

240 2743 299 2775 ea
341 2733 458 2775 cura
500 2728 728 2790 angEbat.
817 2726 919 2775 Ubi
963 2727 1084 2787 dies,
1126 2744 1252 2789 quae
1293 2728 1428 2775 dicta
1468 2737 1585 2788 erat,
1628 2728 1844 2788 advenit,

239 2834 377 2865 arma
407 2822 662 2879 equosque
698 2816 1039 2876 ostenderunt,
1067 2818 1154 2864 sed
1190 2822 1362 2865 omnes
1394 2819 1494 2865 fere
1523 2819 1845 2880 longinquum
