1946 3116
149 1495 192 1519 10

147 2394 193 2418 20

149 2842 190 2880 25

232 129 301 181 34
608 113 770 165 Urbis
810 113 1022 164 Romae
1066 112 1186 164 Vm·
1221 112 1472 163 lllnslres

303 417 494 463 XVII.
555 415 807 460 Psoblius
844 414 1152 458 Cornelius
1186 414 1381 469 Scipi&
1413 401 1762 467 Zfrz‘cdnus.

887 537 1076 584 218—183
1110 545 1188 574 ΒΕ.

298 659 497 708 Publius
542 658 800 707 Cornelius
845 657 1008 719 Scipie
1053 657 1176 704 virili
1220 663 1334 719 toga
1377 657 1600 705 nendum
1645 664 1840 722 sfimpta

228 758 421 813 patrem
460 749 688 810 singulari
723 748 900 794 virtute
940 747 1147 794 servavit
1166 764 1179 807 3
1232 753 1314 809 qui
1352 763 1466 794 eum
1505 753 1669 810 pegna
1705 748 1838 811 apud

226 842 456 887 Ticinum
495 843 667 885 contra
705 837 1043 885 Hannibalem
1082 842 1347 884 commissa
1382 838 1594 900 graviter
1619 839 1839 886 vulnere.-

228 940 304 979 tus
330 930 381 977 in
405 929 622 977 hostium
650 932 822 975 mansis
844 928 941 974 iam
962 943 1094 974 nunc
1121 932 1351 974 venturus
1373 936 1517 988 esset,
1540 928 1670 976 filius
1690 929 1837 976 inter-

229 1025 359 1073 iecte
393 1039 603 1085 corpore
639 1023 816 1068 Poenis
851 1019 1156 1066 inruentibus
1195 1022 1246 1065 se
1284 1018 1521 1080 opposuit
1560 1027 1609 1066 et
1646 1027 1839 1080 patrem

228 1117 448 1180 pericule
475 1117 708 1165 liberavit.
785 1114 927 1174 Quae
966 1112 1121 1173 pietas
1155 1110 1371 1171 Scipieni
1408 1114 1582 1171 postea
1618 1109 1838 1159 aedilita-

229 1217 331 1255 tem
357 1214 547 1270 petenti
573 1209 792 1255 faverem
819 1208 991 1269 populi
1017 1205 1313 1253 conciliavit.
1386 1202 1514 1250 Cum
1542 1201 1839 1250 obsisterent

229 1298 411 1346 tribfini
452 1298 626 1359 plebis,
671 1302 908 1359 negantes
952 1298 1194 1344 ratienem
1239 1296 1342 1344 eius
1386 1311 1495 1343 esse
1538 1294 1837 1354 habendam,

229 1386 365 1449 quod
407 1388 632 1435 nendum
675 1388 739 1435 ad
783 1386 1058 1449 petendum
1101 1387 1321 1448 legitima
1362 1392 1495 1434 aetas
1533 1394 1677 1447 esset,
1747 1387 1840 1434 “Si

283 1478 397 1498 -„.

230 1494 323 1538 me,
386 1478 544 1540 inquit
583 1478 762 1539 Scipie,
791 1481 819 1502 “
839 1481 1014 1524 omnes
1053 1477 1267 1538 QuirItes
1306 1476 1517 1524 aedilem
1554 1477 1717 1523 faeere
1753 1492 1836 1524 vo-

228 1569 349 1627 lunt,
377 1568 491 1616 satis
522 1572 765 1615 annerum
803 1567 1013 1615 habee.’'
1084 1569 1248 1614 Tante
1285 1567 1401 1615 inde
1440 1567 1605 1614 favere
1642 1565 1706 1613 ad
1743 1567 1837 1614 suf-

230 1658 381 1720 fragia
406 1658 528 1705 itum
555 1666 644 1717 est,
671 1666 724 1705 ut
751 1658 931 1706 tribuni
957 1658 1158 1719 incepte
1185 1656 1479 1705 destiterint.

298 1750 416 1795 Post
459 1747 654 1795 cladem
699 1748 1014 1796 Cannensem
1059 1749 1275 1794 Remani
1318 1747 1561 1794 exereitus
1602 1747 1837 1809 reliquiae

230 1838 501 1886 Canusium
526 1838 850 1900 perfugerant
868 1855 881 1897 ,-
921 1852 1135 1898 eumque
1161 1837 1229 1885 ibi
1256 1837 1436 1884 tribuni
1462 1837 1670 1883 militum
1696 1845 1836 1898 quat-

229 1936 341 1975 tuor
370 1935 549 1987 essent,
577 1936 745 1974 tamen
776 1927 999 1975 omnium
1034 1931 1279 1974 censensu
1317 1927 1380 1974 ad
1420 1926 1646 1974 Publium
1684 1926 1835 1987 Scipi-

228 2022 393 2077 (mem,
420 2017 693 2065 admodum
728 2017 1116 2076 adulescentem,
1145 2025 1193 2064 et
1226 2016 1290 2064 ad
1315 2017 1535 2078 Appium
1574 2016 1836 2064 Claudium

230 2123 421 2155 summa
446 2108 640 2169 imperii
666 2107 829 2155 deleta
855 2116 942 2155 est.
1008 2107 1201 2168 Quibus
1229 2107 1618 2154 censultantibus
1644 2106 1837 2153 nuntiat

231 2198 429 2245 Publius
457 2198 630 2245 Ffirius
658 2198 837 2257 Philus,
865 2197 1132 2244 censuleris
1156 2197 1246 2243 viri
1284 2197 1432 2255 filius,
1459 2196 1651 2244 nebiles
1689 2200 1835 2257 ques-

230 2286 346 2333 dam
372 2286 573 2334 iuvenes
595 2287 658 2334 de
679 2291 730 2334 re
751 2287 950 2348 pfiblica
970 2287 1291 2348 desperantes
1317 2286 1578 2334 censilium
1604 2285 1668 2333 de
1695 2275 1837 2332 ltalia

230 2375 506 2423 deserenda
530 2377 666 2423 inire.
739 2376 913 2424 Statim
951 2377 1001 2423 in
1038 2376 1307 2438 hospitium
1344 2377 1549 2435 Metelli,
1587 2381 1672 2437 qui
1711 2391 1828 2422 eon-

228 2467 478 2513 ifiratienis
499 2474 603 2513 erat
623 2471 868 2526 princeps,
894 2470 945 2513 se
972 2466 1180 2513 eontulit
1206 2465 1370 2527 Scipie
1390 2483 1403 2524 3
1443 2473 1491 2512 et
1517 2480 1632 2510 eum
1669 2463 1834 2511 conci-

228 2555 348 2602 lium
389 2555 458 2604 ibi
500 2556 748 2615 iuvenum,
793 2555 857 2603 de
902 2555 1079 2616 quibus
1128 2555 1346 2602 adlatum
1392 2562 1509 2612 erat,
1553 2553 1834 2611 invenisset,

229 2645 400 2692 stricte
438 2660 584 2706 super
617 2645 781 2706 capita
815 2645 1195 2692 censultantium
1230 2643 1410 2706 gladie,
1467 2647 1493 2667 “
1517 2643 1728 2701 Ifirate,'’
1764 2642 1834 2688 in-

230 2734 350 2795 quit,
390 2737 522 2781 “ves
564 2749 727 2795 neque
777 2735 909 2795 ipses
958 2749 1061 2780 rem
1106 2734 1356 2795 publicam
1405 2733 1576 2794 populi
1623 2733 1836 2779 Remani

231 2823 524 2883 desertfires,
551 2839 713 2886 neque
752 2823 900 2870 alium
939 2829 1096 2871 civem
1134 2825 1418 2872 Remenum
1456 2821 1686 2870 deserere
1724 2836 1833 2884 pas-
