1946 3116
56 1111 99 1135 10

54 1567 94 1606 15

49 2014 96 2039 20

50 2466 93 2505 25

142 112 210 164 92
505 97 669 150 Urbis
708 99 921 150 Romae
977 98 1098 150 Viri
1145 98 1400 149 llltcstres

144 285 384 346 tallinum,
429 293 534 349 rapi
581 302 695 334 eum
745 286 809 334 ad
859 295 1073 334 mortem
1124 287 1280 334 Pollio
1330 287 1468 335 iussit
1517 296 1567 335 et
1617 288 1751 336 obici

141 380 400 436 muraenis,
457 382 578 438 quas
632 377 806 439 ingens
860 377 1051 439 piscina
1103 378 1408 425 continEbat.
1503 365 1675 425 E-vasit
1729 382 1757 425 ἓ

140 466 366 514 manibus
403 482 527 529 puer
558 476 606 514 et
641 467 705 514 ad
743 466 900 529 pedes
937 468 1162 515 Caesaris
1202 467 1430 529 confugit
1463 467 1585 514 nihil
1623 468 1757 516 aliud

138 561 394 618 petItfirus‚
427 572 575 618 quam
610 565 664 604 ut
698 557 836 604 aliter
869 563 1050 619 periret
1080 573 1174 604 nec
1207 561 1322 604 asca
1352 557 1564 619 piscium
1599 558 1755 605 fieret.

137 737 254 785 dem
309 737 447 796 mitti,
499 737 780 800 crystallina
830 745 997 784 autem
1052 737 1223 785 omnia
1279 741 1449 784 coram
1499 741 1551 784 sa
1601 737 1757 799 frangi

136 827 275 874 iussit
312 828 652 889 complarique
691 828 949 889 piscinam.

203 919 451 979 Augustus
495 918 545 965 in
590 917 808 980 quadam
847 918 957 965 villa
993 922 1254 980 aegrotans
1292 922 1467 965 noctes
1510 918 1754 980 inquiatas

135 1008 329 1069 agebat,
375 1017 638 1070 rumpente
682 1024 914 1056 somnum
959 1008 1063 1055 aius
1109 1009 1284 1055 crabro
1329 1017 1542 1056 noctuae
1588 1013 1752 1056 canta.

137 1098 250 1159 Qua
298 1099 524 1146 molestia
565 1114 680 1146 cum
730 1098 922 1146 liberari
965 1102 1017 1145 sa
1065 1098 1390 1146 vehementer
1427 1114 1610 1160 cupere
1661 1104 1752 1161 sig-

134 1179 399 1248 nificasset,
441 1189 580 1236 miles
624 1188 845 1250 quidam,
887 1189 1086 1250 aucupii
1126 1194 1327 1250 peritus,
1367 1197 1604 1235 noctuam
1641 1204 1752 1250 pre-

135 1277 457 1326 hendendam
525 1279 727 1338 miravit,
795 1284 1060 1340 vivamque
1127 1280 1350 1340 Augusto
1421 1279 1597 1338 attulit,
1665 1283 1754 1340 spe

134 1368 346 1430 ingentis
395 1369 617 1431 praemii.
714 1369 809 1417 Cui
865 1384 978 1415 cum
1033 1370 1282 1430 Augustus
1337 1369 1467 1416 mille
1522 1373 1753 1416 nummos

135 1457 242 1505 dari
284 1458 517 1519 iussisset,
563 1459 643 1507 ille
689 1459 850 1506 minus
897 1458 1103 1520 dignum
1148 1458 1426 1519 praemium
1471 1458 1753 1506 existimans

134 1548 301 1596 dicere
361 1565 504 1596 ausus
555 1557 643 1608 est,
705 1549 886 1596 “Malo
936 1557 990 1595 ut
1036 1549 1214 1607 vivat‚⁷'
1261 1556 1311 1595 et
1361 1564 1502 1595 avem
1551 1548 1751 1596 dimisit.

135 1639 432 1700 Imperatori
479 1654 572 1686 nec
622 1638 687 1686 ad
743 1638 1060 1686 irascendum
1117 1654 1267 1685 causa
1320 1638 1492 1685 deerat
1544 1654 1638 1686 nec
1688 1638 1752 1686 ad

133 1728 475 1776 ulciscendum
535 1734 788 1790 potestas3
862 1729 991 1775 hanc
1059 1736 1228 1775 tamen
1295 1728 1523 1775 inii-iriam
1590 1733 1751 1790 aequo

134 1818 302 1865 animo
363 1819 472 1866 tulit
531 1820 779 1880 Augustus
840 1818 1198 1879 hominemque
1259 1817 1556 1879 impianitum
1616 1818 1750 1866 abire

134 1923 306 1970 passus
345 1917 432 1956 est.

203 2000 450 2059 Augustus
499 1998 738 2045 amicitias
786 2013 952 2059 neque
996 1997 1138 2044 facile
1183 1996 1383 2044 admisit
1428 2005 1476 2044 et
1519 2002 1748 2045 constan-

134 2087 321 2135 tissime
359 2088 574 2135 retinuit.
650 2090 900 2150 Imprimis
939 2087 1233 2134 familiarem
1272 2087 1442 2134 habuit
1480 2089 1747 2135 Maecena-

133 2185 251 2235 tem,
291 2178 511 2239 equitem
549 2179 860 2237 Romanum3
923 2182 1007 2238 qui
1045 2181 1117 2235 ea,
1157 2181 1255 2237 qua
1291 2176 1425 2237 apud
1469 2177 1748 2238 principem

132 2267 343 2326 valebat,
381 2268 536 2329 gratia
572 2268 640 2314 ita
677 2282 876 2328 semper
912 2271 1026 2313 fisus
1065 2274 1153 2324 est,
1192 2274 1246 2312 ut
1286 2265 1549 2326 prodesset
1592 2267 1748 2314 omni-

133 2356 239 2416 bus,
278 2356 455 2418 quibus
494 2366 679 2418 posset,
718 2361 923 2404 nocaret
961 2355 1163 2403 nemini.
1248 2356 1330 2402 Ias
1369 2356 1636 2417 aliquando
1675 2356 1745 2403 di-

133 2447 279 2494 cebat
315 2448 566 2509 Augustus
605 2455 654 2494 et
691 2448 872 2494 multos
911 2446 1075 2507 capite
1114 2444 1434 2492 damnati—irus
1468 2446 1744 2494 videbatur.

131 2536 320 2584 Aderat
356 2545 462 2584 tum
501 2539 786 2596 Maecenas,
826 2542 909 2598 qui
952 2551 1042 2597 per
1079 2535 1505 2582 circumstantium
1550 2537 1744 2584 turbam

133 2686 166 2711 2.
194 2676 408 2719 muraenis,
429 2687 453 2710 a
471 2675 572 2710 kind
587 2675 809 2723 ofseafislz.
983 2684 1038 2710 11.
1066 2674 1242 2719 aucupii,
1263 2673 1364 2708 from
1385 2673 1468 2709 avis
1488 2675 1569 2709 and
1588 2675 1718 2721 capio.

131 2746 167 2780 4.
194 2735 299 2778 Esca,
318 2735 427 2782 sood.
982 2746 1037 2783 13.
1058 2736 1164 2771 mille
1184 2737 1386 2781 nummos,
1412 2749 1436 2772 a
1461 2738 1656 2773 thousand
1671 2749 1744 2773 ses-

132 2809 167 2844 9.
194 2803 378 2842 noctuae,
399 2798 484 2835 owl.
1117 2803 1238 2835 terces
1262 2799 1408 2846 (about
1427 2799 1538 2846 341).
