1946 3116
580 140 818 204 Quintus
863 142 1139 193 Sertorius
1595 155 1661 210 59

64 337 137 375 ret
174 332 226 375 se
262 336 522 375 vocantem
563 336 859 388 euntemque
895 331 1192 388 sequeretur.
1268 329 1416 375 Hanc
1451 328 1543 375 sibi
1573 329 1658 375 ob-

63 418 210 464 lzitam
253 418 481 465 divinitus
530 425 577 463 et
623 417 904 463 instinctam
950 417 1139 463 Dianae
1182 416 1387 463 numine
1430 417 1661 477 conloqui

63 511 231 554 secum
275 510 576 567 monereque
618 514 666 552 et
709 505 908 564 docere,
953 520 1079 566 quae
1127 505 1264 551 utilia
1307 505 1437 552 factu
1481 514 1658 563 essent,

62 596 359 657 persuzidere
399 596 625 643 omnibus
666 595 884 642 instituit.
959 596 1031 640 Ac
1075 600 1113 641 si
1154 593 1274 655 quid
1317 593 1483 641 durius
1525 595 1657 641 vide-

62 685 217 743 batur,
248 684 384 745 quod
427 683 773 745 imperandum
824 683 1056 730 militibus
1105 690 1248 742 esset,
1286 687 1314 729 Ξ
1361 688 1505 729 οθῐνᾶ
1553 687 1658 730 sese

61 774 303 820 monitum
340 773 659 834 praedicebat
694 772 984 833 barbarique
1026 772 1189 818 statim
1223 771 1288 819 ad
1322 772 1503 831 omnia,
1535 780 1655 818 tam-

60 878 207 924 quam
250 862 476 909 divinitus
519 863 775 923 impereta,
815 861 1166 908 oboediebant.
1241 862 1314 907 Ea
1357 876 1499 907 cerva
1541 866 1658 922 que-

60 952 175 999 dam
219 952 315 1009 die,
354 967 467 997 cum
510 951 722 997 incursie
765 958 893 997 esset
933 950 1148 997 hostium
1190 950 1426 1009 nuntiata,
1463 950 1655 997 festina-

59 1041 193 1087 tiene
235 1056 293 1087 ac
336 1041 545 1087 tumultu
588 1044 902 1086 censternata
948 1039 1000 1084 in
1045 1039 1209 1099 fugam
1251 1042 1358 1085 sese
1400 1039 1655 1100 preripuit,

59 1137 206 1190 atque
244 1130 293 1175 in
329 1129 508 1190 palede
546 1129 771 1189 proxima
808 1127 1003 1175 delituit
1040 1135 1089 1174 et
1126 1132 1308 1189 perisse
1347 1127 1536 1174 credita
1566 1136 1654 1174 est.

61 1219 237 1279 Neque
264 1219 423 1265 multis
450 1217 624 1265 diebus
651 1225 763 1278 post
788 1217 1038 1264 inventam
1070 1232 1175 1263 esse
1210 1232 1404 1263 cervam
1439 1217 1655 1264 Serterie

59 1308 319 1354 nfintietur.
390 1308 519 1353 Tum
546 1322 676 1366 eum,
697 1312 781 1367 qui
805 1307 1126 1364 nentiaverat,
1149 1306 1286 1353 iussit
1312 1309 1491 1365 tacere,
1513 1321 1653 1367 prae-

58 1397 305 1457 cepitque,
348 1404 401 1442 ut
444 1412 553 1444 eam
596 1400 796 1457 postere
840 1394 921 1442 die
964 1403 1168 1456 repente
1213 1395 1264 1441 in
1312 1411 1424 1442 eum
1472 1395 1652 1455 locum,

57 1485 106 1531 in
156 1490 255 1546 que
303 1486 407 1546 ipse
457 1501 571 1532 cum
620 1490 786 1532 amicis
836 1492 979 1544 esset,
1023 1485 1326 1532 immitteret.
1416 1484 1652 1532 Admissis

57 1574 239 1622 deinde
267 1580 433 1621 amicis
460 1573 695 1635 postridie
724 1580 876 1621 visam
913 1574 1005 1622 sibi
1045 1574 1112 1621 ait
1148 1574 1198 1621 in
1234 1575 1400 1636 quiete
1438 1590 1651 1634 cervam,

56 1679 181 1724 quae
229 1669 450 1725 perisset,
486 1662 549 1710 ad
598 1667 649 1710 se
698 1669 873 1710 reverti
920 1671 984 1723 et,
1021 1671 1075 1710 ut
1121 1664 1252 1725 prius
1301 1664 1651 1723 consuevisset,

56 1753 192 1816 quod
219 1768 342 1813 opus
370 1760 497 1799 esset
524 1752 667 1810 factu,
690 1751 989 1812 praedicere.
1050 1752 1178 1796 Tum
1199 1750 1402 1811 quidem
1424 1750 1651 1807 Serterie,

56 1841 190 1902 quod
219 1841 558 1903 impertiverat,
588 1840 890 1901 significante
919 1855 1064 1886 cerva
1092 1843 1267 1885 emissa
1296 1839 1344 1884 in
1371 1838 1651 1885 cubiculum

55 1931 327 1991 intreriipit.
407 1931 606 1978 Clemor
633 1932 788 1976 factus
819 1938 867 1976 et
898 1938 1004 1976 orta
1031 1930 1251 1976 omnium
1279 1929 1536 1975 admirati&
1564 1936 1651 1974 est.

57 2020 227 2080 anue
255 2019 512 2066 hominum
537 2019 855 2066 barbarerum
877 2017 1136 2064 credulitas
1164 2018 1376 2065 Serterie
1397 2018 1447 2063 in
1467 2022 1652 2077 magnis

56 2108 201 2155 rebus
228 2112 406 2169 magne
431 2112 537 2155 sisui
562 2107 666 2154 fuit.

116 2195 287 2240 Victus
328 2197 503 2253 postea-1
545 2197 573 2238 a
616 2191 854 2252 Pompei&
892 2195 1079 2237 metare
1118 2190 1331 2251 prierem
1369 2193 1645 2237 mansueti-1-

51 2282 219 2329 dinem
268 2281 507 2329 Serterius
565 2289 614 2327 et
673 2280 735 2327 ad
794 2279 1097 2326 iracundiam
1147 2278 1415 2326 deflectere
1463 2278 1644 2340 coepit.

51 2371 344 2430 Mulffisob„
362 2370 692 2432 suspicionem
730 2368 1023 2430 preditienis
1061 2368 1325 2416 crudeliter
1361 2367 1613 2415 interfecit
1631 2385 1644 2427 3

1696 1156 1737 1180 10

1693 1598 1731 1637 Ῑ5

1691 2038 1736 2062 20

49 2460 182 2508 unde
220 2461 453 2522 pauletim
492 2459 609 2507 odio
646 2475 752 2506 esse
783 2459 950 2520 coepit
981 2458 1228 2516 exercitui.
1301 2459 1516 2504 Remani
1541 2472 1643 2503 mo-
1683 2484 1724 2523 25

50 2550 170 2597 leste
201 2550 439 2609 ferebant,
466 2549 602 2611 quod
641 2549 876 2609 HispEnis
916 2547 1070 2609 magis
1109 2562 1256 2608 quam
1295 2546 1387 2593 sibi
1417 2546 1642 2592 censide-

52 2768 107 2803 18.
135 2766 375 2810 cubiculum,
396 2778 515 2802 room.
891 2765 948 2800 26.
978 2763 1181 2809 Hispanis,
1203 2762 1434 2809 Spaniards.

50 2840 107 2866 22.
135 2829 496 2871 mansuetudinem,
517 2829 713 2873 clemency.
