1946 3116
618 134 792 185 Gaius
830 135 1113 186 Fabricius
1592 153 1652 189 21

65 320 129 367 cii
153 328 302 381 caput
328 319 538 367 damisit.
611 319 706 367 Sed
738 320 817 367 ille
848 320 1136 368 subridans:
1178 324 1206 346 “
1226 322 1404 383 Neque
1441 325 1546 372 heri
1581 331 1660 374 me

64 424 235 455 aurum
261 416 398 455 tuum
424 408 638 470 pellexit,
665 424 826 469 neque
853 409 1003 456 hodie
1029 411 1372 471 perterrefacit
1400 412 1588 471 belua.”

132 497 343 545 Fabricii
367 496 631 544 admiratus
656 497 885 544 virtatem
924 499 1131 559 Pyrrhus
1163 500 1298 546 illum
1326 504 1516 549 secreto
1542 503 1658 550 invi-

63 586 197 646 tavit,
223 595 276 633 ut
301 586 509 648 patriam
535 585 783 633 desereret
818 591 1086 648 secumque
1116 589 1262 635 vellet
1287 595 1463 649 vivere,
1490 599 1661 653 quarta

63 675 211 722 etiam
237 679 374 737 ragni
399 681 470 722 sui
495 684 634 737 parte
661 676 824 723 oblata
843 694 855 735 ,-
895 682 972 723 cui
1005 677 1253 725 Fabricius
1280 678 1346 726 ita
1371 681 1656 742 respondit:

62 766 157 813 “Si
194 769 274 812 me
310 765 467 812 virum
505 765 688 813 bonum
727 765 927 824 iudicas,
963 771 1050 813 car
1087 771 1166 813 me
1202 773 1270 814 vis
1308 773 1660 832 corrumpere?

62 860 132 902 sin
158 858 274 901 vero
300 855 498 913 malum,
527 860 612 901 car
638 859 716 902 me
743 856 976 903 ambis?'’
1048 858 1193 903 Anna
1224 857 1497 918 interiecta,
1526 866 1660 908 omni

61 948 149 1006 spa
174 945 309 1006 pacis
336 945 461 991 inter
488 945 723 1006 Pyrrhum
751 954 799 991 et
827 947 1078 993 Romanas
1104 948 1444 995 conciliandae
1483 950 1656 1009 ablata,

62 1033 312 1081 Fabricius
339 1034 509 1081 consul
535 1035 689 1081 factus
716 1040 887 1082 contra
923 1051 1036 1082 eum
1070 1041 1241 1083 missus
1268 1046 1355 1084 est.
1429 1039 1656 1100 Cumque

58 1127 216 1169 vicina
252 1131 410 1170 castra
446 1124 551 1185 ipse
590 1132 638 1171 et
675 1128 759 1171 rax
796 1125 1048 1184 habarent,
1080 1126 1316 1187 medicus
1344 1127 1469 1188 ragis
1508 1136 1656 1175 nocte

59 1211 123 1258 ad
150 1212 429 1259 Fabricium
454 1213 587 1260 venit
614 1219 755 1274 eique
783 1215 1028 1275 pollicitus
1064 1223 1152 1274 est,
1181 1221 1218 1262 si
1255 1217 1528 1276 praemium
1566 1217 1657 1265 sibi

58 1301 409 1361 proposuisset,
437 1306 488 1349 sa
515 1303 751 1363 Pyrrhum
777 1308 968 1350 veneno
999 1309 1302 1351 necatarum.
1376 1307 1526 1352 Hunc
1565 1307 1604 1353 F
1607 1323 1655 1353 a-

59 1389 237 1437 bricius
263 1391 480 1437 vinctum
507 1391 675 1438 redi-ici
701 1392 836 1439 iussit
862 1393 925 1440 ad
951 1392 1208 1440 dominum
1247 1402 1296 1440 et
1334 1395 1516 1456 Pyrrho
1543 1395 1655 1455 dici,

58 1493 184 1539 quae
211 1484 383 1526 contra
407 1488 555 1540 caput
582 1480 685 1527 eius
711 1481 934 1528 medicus
962 1482 1324 1543 spopondisset.
1396 1485 1537 1530 Tunc
1572 1489 1657 1532 rax

57 1567 320 1615 admiratus
366 1584 479 1615 eum
522 1568 699 1616 dixisse
743 1570 923 1617 fertur:
978 1571 1113 1618 “Ille
1159 1579 1232 1618 est
1270 1573 1535 1632 Fabricius,
1574 1578 1656 1634 qui

57 1655 302 1703 difficilius
350 1657 413 1705 ab
461 1657 721 1705 honestate
771 1674 918 1720 quam
967 1659 1040 1706 sol
1087 1665 1115 1707 a
1163 1664 1249 1707 suo
1299 1666 1443 1709 cursa
1490 1670 1656 1724 potest

56 1747 254 1791 averti.''

126 1833 376 1881 Fabricius
403 1851 515 1881 cum
542 1835 674 1896 apud
702 1836 937 1897 Pyrrhum
975 1841 1142 1899 ragem
1179 1838 1364 1900 lagatus
1402 1848 1544 1898 esset,
1573 1840 1651 1888 Ci-

55 1937 200 1968 neam
236 1923 418 1970 audivit
454 1929 733 1971 narrantem
772 1941 877 1972 esse
921 1925 1171 1987 quendam
1214 1927 1434 1987 Athenis,
1472 1934 1555 1989 qui
1602 1932 1653 1975 sa

55 2011 330 2072 sapientem
356 2013 680 2073 profitaratur,
709 2029 920 2075 eumque
947 2014 1128 2074 dicere,
1156 2016 1322 2063 omnia
1359 2032 1483 2077 quae
1522 2017 1650 2064 face-

53 2103 231 2159 ramus,
264 2101 327 2148 ad
363 2102 666 2163 voluptatem
705 2118 810 2150 esse
849 2104 1120 2151 referenda.
1191 2106 1333 2151 Tunc
1372 2106 1650 2153 Fabricium

54 2189 353 2236 exclamasse
379 2191 568 2238 ferunt:
611 2192 862 2239 “Utinam
896 2192 947 2239 id
982 2193 1203 2241 hostibus
1240 2199 1415 2241 nostris
1453 2200 1648 2256 persua-

53 2276 239 2337 deatur,
283 2283 382 2340 quo
431 2279 617 2327 facilius
664 2281 793 2327 vinci
834 2282 1037 2342 possint,
1076 2298 1189 2329 cum
1229 2287 1280 2330 se
1318 2283 1648 2345 voluptatibus

53 2365 283 2414 dederint
307 2369 315 2414 1
336 2368 362 2388 ''
436 2369 571 2415 Nihil
607 2370 760 2431 magis
795 2370 856 2417 ab
883 2371 984 2418 eius
1010 2376 1108 2418 VIta
1132 2372 1345 2419 alianum
1371 2382 1474 2420 erat
1500 2389 1645 2435 quam

51 2456 275 2517 voluptas
303 2464 351 2503 et
377 2456 529 2504 laxus.
588 2459 717 2505 Tata
743 2459 845 2506 aius
871 2461 1089 2521 supellex
1115 2470 1346 2523 argentea
1372 2463 1522 2510 salino
1548 2478 1647 2510 uno
1712 2479 1724 2486 ·

52 2545 309 2593 constabat
339 2554 388 2592 et
412 2547 593 2607 patella
617 2547 679 2594 ad
706 2552 846 2594 asum
884 2553 1148 2608 sacrorum,
1176 2566 1300 2611 quae
1338 2556 1522 2598 cornea
1559 2567 1644 2613 pe-

52 2632 215 2680 dicul&
242 2634 584 2682 sustinabatur.
646 2637 870 2684 Canabat
891 2637 954 2683 ad
975 2638 1140 2685 focum
1165 2639 1353 2686 radice‘s
1380 2648 1428 2686 et
1454 2640 1644 2699 herbas,

51 2736 164 2767 cum
201 2721 348 2783 lagati
383 2724 672 2771 Samnitium
708 2724 771 2772 ad
810 2741 923 2772 eum
959 2730 1197 2774 variarunt
1234 2732 1562 2790 magnamque
1602 2734 1647 2775 ei

51 2810 314 2872 pecaniam
351 2812 631 2860 obtularunt
649 2831 662 2872 3
702 2814 878 2875 quibus
905 2820 972 2862 sic
996 2816 1252 2878 respondit
1274 2835 1282 2864 ;
1324 2819 1353 2841 “
1373 2817 1534 2877 Quam
1562 2818 1644 2864 diii

1698 1149 1739 1172 10

1695 1593 1733 1631 15

1687 2036 1734 2061 20
