1946 3116
672 144 866 194 Tullus
907 143 1187 194 Hostilius
1690 153 1721 206 7

125 337 414 394 magnerum
453 331 757 378 exercituum
783 330 973 377 animes
999 333 1240 391 gerentes,
1268 336 1583 375 concurrunt.
1654 328 1723 375 Ut

124 426 283 483 prime
344 425 586 468 concurssi
634 420 926 481 increpuere
974 434 1110 465 arma
1157 418 1495 477 micantesque
1545 416 1723 462 fulsere

124 509 288 572 gladii,
332 510 503 557 horror
550 510 721 571 ingens
770 512 1052 570 spectantes
1101 507 1399 569 perstringit.
1472 506 1723 552 Censertis

125 599 308 647 deinde
353 600 577 646 manibus
621 599 785 645 statim
829 598 928 645 duo
970 598 1185 643 Remani
1227 595 1345 642 alius
1389 609 1536 655 super
1576 594 1724 640 alium

127 693 426 750 exspirantes
452 687 738 734 ceciderunt
758 705 771 746 3
809 691 907 733 tres
934 686 1109 733 Albani
1134 685 1385 732 vulnerati.
1451 683 1530 730 Ad
1557 687 1724 729 casum

127 779 465 824 Remanerum
491 776 818 823 conclamavit
843 774 1025 837 gaudie
1052 774 1293 821 exercitus
1319 773 1550 820 Albanus.
1623 773 1722 818 Re-

127 871 299 913 manes
340 866 438 912 iam
476 870 587 927 spes
625 870 730 911 teta
767 864 1042 912 deserebat.
1115 852 1284 911 Unum
1325 862 1591 909 Horatium
1627 865 1725 907 tres

129 955 332 1003 Cfiriatii
356 955 797 1001 circumsteterant.
872 954 1017 1000 Ferte
1044 953 1082 999 is
1110 947 1304 1013 integer
1331 951 1419 997 fuit
1437 968 1451 1010 3
1491 950 1579 997 sed
1612 950 1727 1011 quia

128 1044 281 1091 tribus
307 1044 467 1104 impar
491 1052 610 1101 erat,
636 1051 689 1089 ut
721 1042 1014 1089 distraheret
1051 1041 1230 1099 hostes,
1259 1041 1422 1102 fugam
1449 1039 1726 1100 capessivit,

128 1133 343 1195 singules
369 1148 458 1194 per
482 1132 736 1179 intervalla
760 1136 1012 1178 secati—ires
1040 1146 1145 1178 esse
1174 1139 1319 1178 ratus,
1382 1131 1490 1176 Iam
1516 1129 1728 1190 aliquan-

128 1230 233 1269 tum
259 1223 401 1283 spatii
435 1237 494 1268 ex
528 1226 588 1268 ee
622 1221 751 1280 loce,
778 1221 862 1268 ubi
892 1225 1162 1282 pagnatum
1199 1228 1286 1279 est,
1313 1219 1586 1280 auffigerat,
1613 1233 1728 1264 cum

128 1311 396 1373 respiciens
438 1310 573 1357 videt
612 1315 764 1357 finum
803 1314 829 1356 e
867 1309 1091 1356 Cariatiis
1130 1308 1262 1356 haud
1305 1308 1477 1370 procul
1515 1307 1578 1355 ab
1621 1310 1728 1354 sese

129 1402 315 1449 abesse.
389 1401 447 1446 In
486 1415 599 1446 eum
637 1403 815 1460 magne
854 1399 1044 1459 impeta
1087 1397 1229 1457 redit,
1271 1405 1319 1444 et
1355 1397 1475 1444 dum
1511 1396 1728 1444 Albanus

130 1490 371 1537 exercitus
411 1489 642 1535 inclamat
685 1488 928 1546 Cariatiis,
967 1495 1019 1534 ut
1058 1502 1209 1548 opem
1253 1486 1409 1533 ferant
1451 1486 1597 1545 fratri,
1632 1486 1729 1532 iam

131 1579 367 1626 Horatius
414 1594 527 1625 eum
576 1577 842 1625 occiderat.
926 1577 1148 1623 Alterum
1197 1575 1397 1635 deinde,
1445 1575 1729 1637 priusquam

129 1667 299 1715 tertius
336 1675 505 1729 posset
542 1671 794 1727 censequi,
826 1665 1093 1713 interfecit.

199 1758 306 1803 Iam
332 1756 506 1817 singuli
531 1763 832 1816 supererant,
860 1754 948 1802 sed
974 1770 1068 1801 nec
1102 1759 1190 1816 spe
1224 1769 1319 1801 nec
1355 1753 1534 1802 viribus
1570 1757 1727 1815 pares.

129 1846 267 1892 Alter
304 1854 406 1892 erat
437 1846 648 1892 intactus
675 1845 803 1891 ferre
830 1852 878 1891 et
903 1844 1154 1906 geminata
1176 1844 1380 1891 victeria
1404 1844 1541 1890 ferex
1558 1860 1572 1902 3
1611 1843 1730 1890 alter

130 1935 311 1982 fessum
335 1935 550 1993 vulnere,
579 1934 760 1981 fessum
786 1938 929 1981 cursa
956 1934 1182 1981 trahebat
1208 1949 1402 1994 corpus.
1476 1934 1586 1979 Nec
1612 1931 1728 1978 illud

129 2025 372 2086 proelium
421 2024 524 2071 fuit.
619 2025 876 2071 Rei-nanus
922 2023 1168 2070 exsultans
1220 2023 1348 2069 male
1407 2022 1728 2069 sustinentem

130 2129 266 2160 arma
326 2113 597 2161 Cariatium
658 2113 873 2171 cenficit,
922 2113 1169 2159 iacentem
1229 2111 1420 2173 spoliat.
1515 2112 1729 2158 Remani

131 2207 332 2249 ovantes
381 2218 438 2248 ac
487 2202 784 2263 gratulantes
834 2201 1101 2248 Horatium
1141 2201 1391 2262 accipiunt
1436 2208 1486 2247 et
1523 2200 1728 2247 domum

131 2290 400 2338 dedacunt.
473 2293 706 2352 Princeps
736 2290 840 2338 ibat
874 2290 1125 2349 Horatius,
1152 2290 1298 2337 trium
1336 2290 1536 2336 fratrum
1574 2289 1730 2351 spolia

129 2395 247 2442 prae
292 2384 343 2426 se
384 2383 573 2441 gerens.
647 2379 740 2426 Cui
787 2379 931 2427 obvia
979 2379 1069 2426 fuit
1116 2395 1265 2438 soror,
1306 2394 1432 2440 quae
1482 2378 1729 2440 despensa

130 2469 285 2516 fuerat
333 2473 417 2515 sini
464 2484 524 2515 ex
572 2468 816 2528 Cariatiis,
865 2473 1067 2529 viseque
1122 2484 1270 2530 super
1327 2472 1524 2514 umeres
1574 2467 1728 2514 fratris

129 2558 482 2620 paladamente
509 2562 690 2618 spenSI,
717 2557 854 2618 quod
881 2558 988 2618 ipsa
1013 2558 1314 2617 cenfecerat,
1342 2557 1455 2604 flere
1491 2565 1539 2603 et
1572 2560 1729 2602 crines

130 2647 318 2694 solvere
345 2647 526 2708 coepit.
602 2648 775 2694 Movet
810 2647 962 2693 fereci
997 2647 1160 2693 iuveni
1196 2647 1415 2693 animum
1452 2645 1727 2707 complera-

129 2735 198 2782 tie
224 2736 401 2782 soreris
427 2736 476 2782 in
502 2740 640 2782 tante
664 2735 846 2797 gaudie
882 2729 1083 2797 psiblice
1102 2753 1116 2795 3
1155 2735 1321 2796 itaque
1360 2735 1527 2782 stricte
1564 2734 1727 2796 gladie

130 2824 370 2885 transfigit
419 2824 648 2885 puellam,
694 2824 836 2871 simul
884 2839 993 2870 eam
1041 2823 1201 2872 verbis
1249 2824 1539 2885 increpans:
1594 2822 1728 2869 “Abi

1767 1151 1810 1175 10

1769 1597 1807 1634 Ι5

1765 2044 1810 2068 20

1765 2488 1806 2526 25
