1946 3116
124 1149 167 1173 10

126 1592 165 1630 Ι5

125 2047 171 2072 20

127 2500 170 2538 25

202 136 270 189 30
577 119 740 172 Urbis
779 119 992 169 Romae
1036 116 1154 169 Vim·
1191 115 1446 166 Illustres

200 320 288 360 est.
363 312 578 372 Ingressi
613 307 893 370 prediteres
932 310 1124 353 ceteres
1168 305 1337 366 vigiles
1382 307 1569 365 sepites
1614 303 1814 350 obtrun—

199 409 331 450 cant.
401 401 532 448 Tum
565 397 821 446 Hannibal
856 412 970 443 cum
1008 399 1097 442 sue
1135 394 1330 456 agmine
1369 392 1674 455 ingreditur3
1713 393 1815 439 Re-

199 497 334 540 mani
369 490 550 553 passim
589 487 909 536 trucidantur.
984 485 1146 533 Livius
1184 484 1437 542 Salinator,
1472 484 1815 530 Reme—merum

200 582 496 646 praefectus,
541 595 655 626 cum
700 583 782 637 eis,
828 582 912 639 qui
954 574 1099 623 caedi
1148 574 1508 636 superfuerunt,
1553 572 1604 619 in
1650 586 1817 619 arcem

202 672 443 734 ceriffigit.

272 763 524 810 Profectus
562 759 708 822 igitur
740 757 921 805 Fabius
947 755 1013 804 ad
1047 753 1391 817 recipiendum
1427 753 1700 799 Tarentum
1737 766 1815 798 ur-

202 854 318 903 bem
361 851 622 900 obsidiene
667 848 835 907 cinxit,
879 861 1029 908 quem
1073 845 1179 892 leve
1222 844 1361 892 dictu
1398 847 1711 890 mementum
1753 840 1818 889 ad

202 959 309 991 rem
352 942 605 1004 ingentem
648 935 1009 1001 perficiendam
1059 934 1259 982 adiuvit.
1347 933 1628 980 Praefectus
1677 947 1817 994 prae-

203 1033 314 1081 sidii
348 1033 602 1079 Tarentini
627 1029 886 1091 deperibat
923 1032 1093 1074 amere
1134 1023 1468 1082 mulierculae,
1497 1023 1634 1070 cfiius
1672 1022 1819 1069 frater

202 1124 253 1171 in
279 1122 498 1170 exercitii
525 1120 665 1168 Fabii
690 1127 809 1166 erat.
882 1117 1027 1165 Miles
1065 1116 1221 1163 iussus
1255 1119 1283 1161 a
1314 1114 1353 1160 F
1357 1113 1470 1161 abie
1498 1117 1587 1174 pre
1614 1113 1819 1175 perfuga

201 1215 474 1262 Tarentum
501 1210 690 1258 transiit
715 1225 773 1256 ac
808 1224 897 1271 per
933 1212 1154 1255 sorerem
1193 1205 1501 1268 praefectum
1528 1203 1592 1251 ad
1620 1202 1816 1250 traden-

205 1303 322 1351 dam
358 1302 533 1350 urbem
570 1299 800 1362 perpulit.
873 1298 1052 1346 Fabius
1093 1297 1257 1359 vigilia
1301 1300 1459 1358 prima
1501 1294 1711 1341 accessit
1753 1292 1819 1341 ad

205 1409 315 1441 eam
353 1399 547 1455 partem
585 1394 723 1449 muri,
756 1405 906 1451 quam
943 1388 1221 1450 praefectus
1261 1385 1591 1433 custediebat.
1663 1384 1816 1432 Adiu-

203 1482 429 1531 vantibus
456 1479 908 1542 recipientibusque
934 1479 1037 1526 eius
1064 1478 1296 1525 militibus
1326 1479 1540 1524 Remani
1566 1475 1616 1522 in
1641 1475 1816 1522 urbem

205 1572 632 1622 transcenderunt.
709 1569 852 1629 Inde,
902 1569 1126 1631 proxima
1175 1573 1318 1630 porta
1366 1567 1588 1626 refracta,
1636 1565 1818 1613 Fabius

206 1679 321 1710 cum
347 1662 566 1710 exercitii
592 1660 799 1707 intravit.
871 1659 1124 1706 Hannibal
1150 1659 1372 1705 niintiata
1398 1659 1600 1704 Tarenti
1625 1660 1816 1719 oppfig-

205 1753 404 1801 natiene
432 1768 545 1798 cum
572 1751 636 1798 ad
661 1765 812 1812 opem
838 1748 1094 1797 ferendam
1133 1749 1366 1796 festinans
1405 1756 1605 1810 captam
1642 1747 1817 1795 urbem

207 1859 314 1891 esse
357 1841 637 1900 audivisset,
695 1842 811 1887 “Et
855 1840 1117 1898 Reinani,''
1163 1839 1337 1901 inquit,
1385 1842 1578 1886 “suum
1624 1837 1817 1884 Hanni-

207 1934 370 1982 balem
408 1932 592 1980 habent
612 1948 625 1991 3
677 1929 868 1989 eadem,
907 1935 1005 1991 qua
1047 1934 1351 1992 ceperamus,
1391 1938 1495 1977 arte
1545 1931 1818 1976 Tarentum

207 2022 506 2071 amisimus.’'

276 2113 405 2161 Cum
431 2116 607 2174 postea
632 2110 793 2158 Livius
832 2110 1071 2158 Salinator
1109 2116 1277 2159 ceram
1320 2111 1475 2160 Fabie
1513 2111 1816 2174 gleria‘retur,

208 2202 344 2264 quod
370 2217 535 2249 arcem
560 2202 880 2248 Tarentinam
918 2202 1212 2262 retinuisset,
1241 2203 1542 2263 dixissetque
1582 2217 1696 2249 eum
1735 2205 1820 2248 sua

210 2297 361 2354 opera
400 2293 670 2338 Tarentum
713 2293 976 2353 recepisse,
1047 2294 1294 2352 “Certe,''
1336 2293 1496 2354 inquit
1539 2291 1720 2340 Fabius
1759 2295 1818 2337 ri-

210 2381 349 2441 dens,
377 2384 538 2427 “nam
564 2381 657 2428 nisi
682 2387 734 2429 tsi
760 2384 1017 2442 amisisses,
1046 2399 1140 2445 ego
1167 2398 1438 2444 numquam
1468 2381 1818 2442 recepissem.’'

280 2472 491 2532 Quintus
519 2472 700 2520 Fabius
726 2473 824 2520 iam
851 2489 1002 2520 senex
1029 2473 1133 2520 filie
1160 2477 1248 2520 sue
1276 2472 1465 2519 censuli
1489 2472 1676 2533 legatus
1697 2470 1785 2517 fuit
1804 2486 1817 2529 3

211 2577 425 2622 cumque
452 2562 502 2609 in
527 2563 630 2610 eius
657 2571 816 2610 castra
839 2568 1043 2621 veniret,
1065 2563 1195 2609 filius
1222 2561 1418 2609 obviam
1446 2566 1572 2622 patri
1598 2564 1818 2621 pregres-

212 2667 291 2698 sus
336 2661 423 2712 est,
469 2652 740 2701 duodecim
779 2652 1031 2700 licteribus
1074 2656 1164 2713 pre
1204 2656 1341 2698 mere
1391 2649 1818 2697 antecedentibus.

213 2743 358 2803 Eque
405 2743 677 2791 vehebatur
725 2757 877 2789 senex
924 2757 1087 2802 neque
1137 2746 1568 2802 appropinquante
1617 2738 1819 2785 censule

213 2833 489 2880 descendit.
565 2834 671 2878 Iam
699 2847 759 2878 ex
786 2831 1037 2878 licteribus
1063 2830 1300 2877 undecim
1325 2827 1623 2877 verecundia
1658 2835 1819 2890 pater-
