1946 3116
121 1131 164 1155 10

122 1577 161 1616 Ι5

117 2026 163 2051 20

114 2474 158 2514 25

199 128 269 179 42
578 111 740 164 Urbis
778 112 990 163 Romae
1045 111 1166 164 Vz'rz'
1201 111 1455 162 Illustres

200 318 350 364 quam
376 302 528 350 vados
554 301 656 349 sisti
680 301 901 360 iusserat,
927 300 1172 362 oppidum
1210 307 1412 362 captum
1450 308 1535 348 est.
1614 300 1810 349 Eodem

201 391 283 439 dio
308 392 359 439 in
383 407 497 439 arce
525 392 628 439 oius
655 390 829 453 oppidi
854 391 927 437 ios
954 390 1092 437 dixit.

270 481 527 529 Hannibal
563 486 591 528 a
628 480 858 543 Scipione
896 485 1053 527 victus
1091 485 1287 541 suisque
1324 480 1520 540 invisus,
1548 479 1612 527 ad
1637 480 1808 528 Antio-

200 572 363 631 chum,
393 571 557 634 Syriae
598 574 782 632 rogem,
815 569 1038 632 confugit
1078 585 1291 631 eumque
1334 569 1530 617 hostem
1573 572 1811 617 Romanis

200 661 335 709 focit.
409 662 550 708 Missi
585 668 697 707 sunt
734 661 898 718 Roma
922 660 1069 721 legati
1094 659 1158 707 ad
1184 659 1487 707 Antiochum
1506 677 1520 720 3
1558 660 1609 706 in
1634 660 1810 721 quibus

200 759 304 798 erat
330 750 494 812 Scipio
520 736 778 797 Africanus
798 767 811 810 3
850 755 933 811 qui
963 765 1077 796 cum
1113 748 1397 797 Hannibale
1430 749 1616 811 Ephesi
1649 749 1813 797 conlo-

200 845 342 888 cotus
369 841 430 888 ab
457 844 516 887 eo
537 840 791 902 quaesivit,
813 855 963 901 quem
990 839 1135 886 fuisse
1164 839 1433 886 maximum
1459 839 1812 901 imperatorem

201 930 444 978 eroderet.
518 929 800 991 Respondit
850 929 1121 987 Hannibal,
1171 929 1523 989 Alexandrum,
1570 928 1810 977 Macedo-

199 1036 319 1067 num
345 1024 529 1082 rogem,
557 1019 827 1066 moximum
855 1019 946 1067 sibi
971 1018 1140 1078 vidori,
1159 1018 1295 1080 quod
1321 1024 1471 1080 parva
1498 1023 1646 1066 mano
1671 1019 1811 1066 innu-

201 1110 460 1158 merabilos
511 1109 754 1157 exercitus
804 1108 1026 1156 fodisset.
1101 1109 1372 1169 Quaerenti
1420 1108 1620 1168 deinde,
1662 1124 1812 1171 quem

201 1199 475 1247 secundum
515 1204 740 1261 poneret,
809 1198 1145 1261 “Pyrrhum,''
1190 1198 1363 1260 inquit,
1408 1198 1589 1260 “quod
1629 1204 1812 1260 primus

200 1298 359 1337 castra
397 1293 569 1336 motari
606 1288 777 1337 docuit
814 1293 1064 1350 nomoque
1102 1288 1184 1335 illo
1223 1288 1494 1350 olegantius
1531 1289 1642 1336 loca
1679 1288 1813 1351 copit

201 1388 251 1428 et
287 1379 535 1441 praesidia
572 1379 863 1441 disposuit.''
938 1378 1213 1426 Sciscitanti
1251 1378 1483 1440 donique,
1523 1394 1672 1440 quem
1715 1387 1806 1426 ter-

200 1470 324 1517 tium
363 1468 584 1528 doceret,
624 1472 782 1516 somet
821 1469 983 1530 ipsum
1023 1468 1160 1516 dixit.
1232 1469 1363 1514 Tum
1406 1467 1569 1515 ridons
1613 1468 1793 1530 Scipio,

202 1563 231 1584 “
251 1558 505 1620 Quidnam
531 1563 583 1606 to
609 1558 850 1617 diceros,’'
878 1558 1051 1619 inquit,
1075 1562 1156 1605 “si
1181 1562 1261 1605 mo
1281 1558 1514 1606 vicissos?
1536 1559 1562 1578 ’'
1637 1561 1665 1582 “
1682 1559 1811 1604 Tum

344 1650 477 1670 --Η

201 1653 281 1696 mo
311 1665 443 1708 vero,
506 1648 764 1710 respondit
803 1649 1073 1708 Hannibal,
1104 1652 1200 1696 “et
1237 1657 1350 1695 ante
1388 1648 1725 1696 Alexandrum
1764 1656 1812 1695 et

200 1747 315 1786 ante
354 1739 593 1802 Pyrrhum
634 1747 683 1786 et
726 1747 839 1786 ante
884 1743 1056 1786 omnos
1100 1739 1220 1786 alios
1257 1739 1580 1800 imperatoros
1622 1738 1809 1799 posuis-

200 1830 355 1877 sem.'’
431 1830 508 1876 Ita
544 1829 811 1890 improviso
849 1828 1206 1876 adsentationis
1243 1843 1424 1890 genere
1462 1828 1746 1889 Scipionem
1783 1831 1810 1874 o

199 1934 346 1981 grege
383 1918 737 1980 imperatorum
775 1918 907 1965 velut
944 1918 1355 1965 inaestimabilem
1394 1917 1700 1965 socernobat.

268 2008 432 2070 Scipio
472 2008 577 2070 ipse
618 2008 769 2055 fertur
805 2008 1059 2069 quondam
1099 2007 1293 2066 dixisse,
1322 2023 1433 2053 cum
1467 2022 1580 2053 eum
1607 2006 1809 2068 quidam

199 2113 373 2160 parum
419 2102 700 2159 prignacem
739 2097 976 2158 dicerent,
1047 2098 1456 2158 “Imperatorem
1506 2100 1587 2143 mo
1635 2101 1808 2155 mater,

198 2192 301 2234 non
338 2187 629 2235 bellatorem
669 2187 912 2248 peperit.''
987 2181 1132 2234 Tdem
1172 2186 1336 2233 dicere
1381 2186 1549 2233 solitus
1588 2193 1677 2245 est,
1707 2190 1810 2233 non

200 2277 357 2323 solum
395 2276 615 2324 dandam
653 2292 759 2324 esse
795 2277 925 2323 viam
967 2276 1282 2338 fugientibus,
1322 2275 1410 2322 sed
1451 2275 1601 2322 etiam
1650 2276 1806 2322 muni-

199 2366 396 2414 endam.

267 2456 485 2502 Docroto
512 2454 746 2502 adversus
767 2455 1069 2503 Antiochum
1095 2455 1226 2503 bello
1254 2471 1367 2501 cum
1394 2454 1530 2516 Syria
1555 2454 1808 2516 provincia

198 2544 481 2592 obvenisset
524 2545 679 2592 Lucio
721 2545 952 2606 Scipioni,
992 2545 1106 2606 quia
1145 2560 1319 2606 parum
1359 2545 1409 2590 in
1449 2548 1509 2591 eo
1544 2544 1807 2605 putabatur

199 2648 304 2681 esse
353 2634 518 2693 animi,
557 2649 729 2695 parum
779 2635 983 2692 roboris,
1024 2639 1220 2681 senatus
1263 2632 1468 2695 gerendi
1510 2633 1650 2680 huius
1693 2633 1807 2681 belli

197 2727 365 2770 coram
399 2723 623 2770 mandari
646 2724 845 2771 volobat
871 2724 1089 2785 collogae
1118 2724 1219 2770 oius
1247 2724 1304 2771 C.
1334 2723 1519 2770 Laelio.
1595 2723 1804 2784 Surgons

197 2819 314 2859 tunc
353 2812 517 2874 Scipio
556 2813 827 2872 Africanus,
858 2814 1004 2860 froter
1040 2814 1195 2860 maior
1226 2813 1364 2860 Locii
1389 2812 1645 2873 Scipionis,
1672 2812 1803 2858 illam
