1946 3116
92 1170 135 1194 10

87 2063 134 2088 20

178 152 247 218 56
554 150 715 203 Urbis
753 151 966 202 Romae
1009 150 1130 202 Vz'rz‘
1166 149 1420 201 Illustres

173 339 323 387 etiam
350 338 561 401 dignites
588 338 825 398 Censtitit,
847 343 931 400 qui
957 341 1088 384 cives
1113 337 1496 385 innumerabiles
1517 337 1786 386 occiderat.

172 417 313 478 Unus
349 428 640 476 adulescens
677 428 782 487 fuit,
822 433 906 489 qui
947 426 1155 474 auderet
1194 432 1332 489 queri
1375 435 1424 474 et
1464 427 1788 475 recedentem

170 534 328 580 usque
366 518 431 566 ad
469 519 599 566 fores
636 517 814 565 domus
853 516 1130 564 maledictis
1166 517 1425 564 incessere.
1499 519 1663 579 Atque
1688 518 1786 577 ille,

171 609 309 657 cuius
353 614 476 655 iram
524 607 857 670 potentissimi
896 607 986 654 viri
1027 607 1373 668 maximaeque
1423 607 1644 655 civitates
1692 623 1787 655 nec

172 699 383 761 effugere
421 714 515 745 nec
552 698 748 760 placare
786 705 1066 759 potuerant5
1094 701 1234 744 tinius
1272 696 1634 744 adulescentuli
1669 712 1786 744 con-

171 789 396 836 tumelias
441 788 650 849 patienti
690 787 858 834 anime
902 787 1027 846 tulit,
1065 786 1117 833 id
1157 794 1351 834 tantum
1390 787 1441 834 in
1480 787 1647 834 limine
1686 787 1786 834 iam

172 878 373 926 dicens:
415 879 566 924 “Hic
607 875 906 924 adulescens
950 876 1146 935 efficiet,
1188 880 1251 924 ne
1291 877 1399 938 quis
1439 877 1649 938 posthac
1689 877 1784 924 teile

171 968 434 1030 imperium
461 967 732 1029 depenat.’'

240 1058 369 1105 Sulla
406 1057 592 1104 deinde
630 1057 680 1104 in
716 1057 880 1104 villam
918 1056 1170 1119 profectus
1209 1056 1432 1104 rusticari
1468 1064 1517 1104 et
1553 1057 1785 1104 venande

171 1154 320 1196 vitam
347 1163 492 1209 agere
520 1147 703 1209 coepit.
777 1147 855 1195 Ibi
882 1147 1058 1194 morbe
1090 1155 1346 1208 correptus
1384 1146 1583 1206 interiit,
1608 1147 1682 1194 vir
1718 1147 1785 1194 in-

171 1238 331 1300 gentis
369 1238 533 1297 animi,
561 1237 771 1299 cupidus
807 1237 1134 1299 voluptatum,
1174 1237 1263 1285 sed
1300 1237 1483 1299 gleriae
1522 1236 1751 1299 cupidior
1768 1254 1783 1297 3

171 1328 341 1375 litteris
379 1329 580 1376 Graecis
618 1335 766 1388 atque
804 1328 988 1374 Latinis
1026 1325 1243 1374 eruditus
1279 1335 1327 1374 et
1359 1327 1575 1374 virerum
1601 1327 1783 1374 littere-

170 1423 334 1466 terum
371 1417 500 1465 adee
537 1422 722 1476 amens,
749 1425 803 1464 ut
841 1417 1156 1465 sedulitatem
1195 1417 1345 1464 etiam
1376 1417 1492 1464 mali
1524 1417 1784 1466 cuiusdam

171 1511 351 1569 poetae
394 1507 559 1569 alique
603 1507 826 1569 praemie
870 1506 1071 1569 dignam
1114 1506 1309 1554 diixerit
1328 1524 1341 1567 5
1390 1522 1507 1554 nam
1545 1522 1659 1554 cum
1702 1507 1784 1554 ille

172 1597 479 1659 epigramma
514 1597 565 1644 in
603 1612 718 1644 eum
755 1597 958 1644 fecisset
996 1602 1140 1658 eique
1178 1596 1482 1656 subiecisset,
1521 1597 1651 1645 Sulla
1687 1604 1782 1644 sta-

171 1687 260 1734 tim
287 1687 563 1748 praemium
591 1692 637 1734 ei
661 1687 768 1735 dari
793 1687 946 1746 iussit,
975 1687 1064 1735 sed
1103 1691 1161 1734 ea
1195 1687 1322 1749 lege,
1348 1691 1412 1734 ne
1450 1686 1568 1748 quid
1607 1691 1784 1748 postea

171 1776 421 1825 scriberet.
494 1779 622 1824 Ante
647 1777 904 1824 victeriam
939 1776 1250 1836 laudandus3
1289 1776 1340 1823 in
1377 1782 1445 1823 eis
1481 1780 1615 1836 vere,
1653 1792 1781 1838 quae

171 1870 341 1914 secuta
361 1874 487 1925 sunt,
508 1882 781 1928 numquam
808 1867 923 1913 satis
948 1865 1302 1928 vituperandus
1320 1883 1334 1926 ,·
1372 1866 1548 1914 urbem
1575 1866 1708 1913 enim
1733 1874 1782 1913 et

170 1944 366 2003 Ttaliam
387 1957 539 2004 civilis
561 1956 809 2018 sanguinis
828 1956 1110 2003 fluminibus
1131 1943 1404 2003 inundavit.
1478 1957 1596 2002 Nen
1622 1956 1781 2003 selum

170 2045 220 2092 in
255 2051 390 2093 vives
434 2046 620 2105 saeviit,
647 2046 737 2093 sed
779 2050 843 2093 ne
883 2051 1088 2093 mortuis
1126 2044 1331 2107 quidem
1369 2045 1594 2107 pepercit
1613 2062 1626 2104 ,-
1665 2060 1781 2092 nam

171 2135 266 2183 Gai
314 2135 473 2194 Marii,
524 2135 676 2194 cilius,
727 2141 818 2182 etsi
865 2140 1041 2196 postea
1088 2135 1258 2194 hostis,
1296 2134 1564 2196 aliquande
1613 2142 1782 2182 tamen

170 2233 403 2286 quaestor
440 2225 613 2284 fuerat,
641 2227 806 2272 erutes
844 2225 1038 2272 cineres
1072 2225 1123 2271 in
1157 2224 1343 2272 flumen
1368 2223 1595 2285 preiecit.
1669 2224 1782 2285 Qua

172 2313 460 2362 crudelitate
487 2319 649 2362 rerum
676 2314 928 2376 praeclare
953 2318 1202 2376 gestarum
1228 2313 1433 2376 gleriam
1459 2312 1694 2375 corrupit.
