1946 3116
137 1141 180 1165 10

138 1589 177 1628 15

137 2039 183 2064 20

139 2485 182 2524 ²5

225 121 285 171 18
591 118 754 171 Urbis
792 119 1005 169 Romae
1050 118 1171 170 Viri
1206 119 1459 168 Illustres

216 307 406 369 specieS
432 307 659 355 turbavit.
734 308 863 368 Equi
889 307 1054 366 etiam,
1082 311 1356 368 conspectu
1383 314 1432 353 et
1467 305 1622 354 odore
1660 305 1826 353 belua-

216 413 324 444 rum
350 397 582 456 exterriti,
610 396 800 458 equitES
836 397 915 443 vel
946 396 1263 443 excutiebant
1287 396 1366 443 vel
1391 400 1562 443 secum
1588 395 1638 442 in
1664 395 1828 457 fugam

215 486 541 548 abripiebant.
615 487 731 534 Nox
756 486 945 548 proelio
971 486 1129 532 finem
1155 484 1312 532 dedit.

284 576 494 638 Pyrrhus
521 580 742 638 captivos
770 577 1028 623 Romanos
1054 579 1249 622 summo
1276 575 1465 622 honore
1486 575 1675 635 habuit,
1698 580 1827 623 occi-

217 670 295 714 sos
321 666 559 727 sepelivit,
634 666 773 726 Quos
810 681 924 715 curn
963 664 1172 712 adverso
1209 665 1410 712 vulnere
1450 672 1499 712 et
1537 670 1660 712 truci
1696 665 1830 712 vultu

217 756 364 803 etiam
393 760 613 803 mortuos
639 755 860 802 iacenteS
885 754 1102 814 vidisset,
1130 755 1297 802 tulisse
1329 754 1393 801 ad
1425 755 1618 801 caelum
1656 758 1829 801 mansis

216 845 394 894 dicitur
436 861 551 892 cum
595 845 688 892 hac
730 850 886 892 voce:
939 849 992 892 se
1035 849 1183 892 totius
1232 844 1362 892 orbis
1412 844 1672 892 dominum
1723 859 1830 891 esse

215 935 451 997 potuisse,
486 941 525 982 si
562 935 682 982 tales
725 934 819 983 sibi
857 934 1036 982 militeS
1074 934 1413 996 contigissent.
1505 935 1687 980 Amicis
1724 938 1829 996 gra-

216 1025 499 1083 tulantibus,
556 1024 741 1085 “Quid
778 1024 900 1071 mihi
938 1039 1051 1071 cum
1090 1025 1174 1071 tali
1208 1024 1463 1083 victoria,’'
1497 1023 1671 1084 inquit,
1699 1023 1830 1071 “ubi

217 1114 461 1162 exercitiis
487 1114 637 1162 robur
663 1114 922 1161 amittam?
982 1114 1030 1161 Si
1055 1113 1232 1160 iterum
1260 1113 1442 1160 eodem
1469 1113 1622 1160 modo
1647 1117 1830 1172 vicero,

1234 1204 1243 1223 9

217 1205 320 1251 sine
347 1204 447 1251 {1116
473 1204 625 1250 milite
653 1204 703 1250 in
735 1190 940 1265 Epirum
979 1204 1226 1250 revertar.'
1318 1202 1518 1249 Deinde
1555 1201 1619 1249 ad
1654 1202 1830 1250 urbem

217 1295 433 1341 Romam
460 1298 649 1355 magnis
675 1293 930 1341 itineribus
957 1292 1218 1340 contendit
1237 1310 1250 1352 3
1286 1292 1454 1339 omnia
1479 1292 1607 1339 ferro
1631 1297 1830 1354 ignique

216 1384 422 1431 vastavit
441 1400 454 1443 3
505 1382 569 1429 ad
605 1383 894 1430 vicesimum
933 1383 995 1430 ab
1032 1383 1152 1430 urbe
1197 1382 1417 1443 lapidem
1455 1390 1614 1428 castra
1649 1381 1829 1443 posuit.

219 1473 404 1535 Pyrrho
430 1472 628 1520 obviam
653 1472 787 1519 venit
814 1473 1057 1519 Laevinus
1095 1487 1209 1518 cum
1247 1476 1377 1518 novo
1409 1471 1644 1518 exercitu.
1716 1472 1830 1532 Quo

216 1568 320 1610 viso
341 1567 427 1610 rex
447 1562 528 1622 ait,
551 1562 644 1610 sibi
669 1560 882 1609 eandem
908 1561 1141 1609 adversus
1167 1563 1424 1609 Romanos
1451 1576 1557 1608 esse
1578 1562 1830 1610 fortunam

218 1668 367 1715 quam
405 1652 614 1699 Herculi
650 1651 883 1699 adversus
920 1650 1146 1713 hydram,
1178 1656 1259 1698 cui
1294 1659 1368 1698 tot
1404 1651 1571 1713 capita
1606 1655 1828 1698 renasce-

217 1743 396 1790 bantur
437 1749 561 1803 quot
602 1747 826 1803 praecisa
871 1749 1040 1801 erant,
1086 1740 1270 1788 deinde
1313 1741 1364 1788 in
1408 1741 1733 1803 Campaniam
1779 1745 1831 1787 se

219 1832 422 1893 recepit.
491 1833 671 1878 Missos
705 1836 734 1878 a
770 1834 944 1878 senatu
982 1831 1046 1878 de
1075 1830 1379 1878 redimendis
1414 1836 1617 1892 captivis
1643 1830 1830 1892 legatos

219 1921 493 1969 honorifice
520 1920 749 1982 excepit,-
789 1925 1008 1982 captivos
1041 1920 1145 1967 sine
1176 1919 1337 1982 pretio
1375 1919 1611 1978 reddidit,
1638 1928 1692 1967 ut
1729 1921 1829 1967 Ro-

220 2016 366 2070 mani,
390 2010 589 2073 cognita
611 2010 711 2057 iam
730 2009 907 2057 virtute
934 2014 1035 2070 sua,
1056 2013 1420 2071 cognoscerent
1446 2009 1596 2056 etiam
1621 2009 1829 2057 liberali-

220 2106 390 2148 tatem.

290 2191 410 2237 Erat
435 2190 645 2252 Pyrrhus
672 2195 776 2237 miti
795 2205 854 2236 ac
874 2188 1104 2251 placabili
1122 2189 1289 2236 animo
1309 2207 1322 2249 3
1358 2189 1483 2237 solet
1510 2189 1643 2236 enim
1668 2193 1832 2251 magni

221 2279 372 2326 animi
396 2295 566 2327 comes
600 2295 707 2326 esse
739 2279 1018 2326 cIEmentia.
1093 2267 1212 2326 Eius
1249 2279 1604 2326 hiimaniffitem
1644 2284 1833 2340 experti

221 2376 335 2416 sunt
359 2369 625 2415 Tarentini.
700 2368 798 2428 Qui
823 2383 937 2415 cum
963 2372 1073 2415 sero
1099 2368 1467 2427 intellexissent,
1496 2372 1548 2415 se
1577 2373 1669 2430 pro
1695 2368 1831 2416 socio

223 2457 485 2505 dominum
533 2457 802 2518 accepisse,
853 2466 1034 2505 sortem
1086 2473 1224 2504 suam
1274 2458 1632 2505 miserabantur
1679 2456 1832 2518 idque

223 2546 475 2608 aliquanto
500 2546 713 2605 liberius,
742 2546 826 2594 ubi
856 2551 968 2593 vino
1007 2546 1327 2594 incaluerant.
1403 2547 1583 2607 Neque
1609 2545 1831 2604 deerant,

224 2640 307 2696 qui
348 2634 413 2682 ad
457 2635 696 2698 Pyrrhum
744 2635 1009 2694 deferrent,
1055 2641 1371 2697 arcessitique
1420 2635 1656 2694 nonnulli,
1695 2634 1833 2696 quod

223 2724 351 2771 inter
375 2724 652 2772 convivium
678 2740 853 2786 parurn
882 2725 1155 2772 honorifice
1193 2724 1257 2773 de
1294 2728 1409 2787 rEge
1445 2724 1597 2772 locuti
1635 2732 1799 2772 essent
1819 2741 1832 2783 ;

224 2812 314 2862 sed
339 2813 610 2877 periculum
638 2813 847 2877 simplex
883 2813 1131 2862 confessio
1169 2813 1344 2877 culpae
1384 2812 1628 2863 discussit.
1701 2813 1832 2862 Nam
