1946 3116
629 135 862 186 Manius
906 134 952 187 C
950 135 1106 186 urias
1599 148 1627 183 2
1636 147 1663 197 3

495 372 664 416 XIII.
718 371 963 414 liteinins
1000 369 1237 413 Curius.

139 502 334 550 Manius
360 501 535 550 Curius
566 504 738 548 contra
773 500 1014 547 Samniffis
1052 498 1303 560 profectus
1340 501 1424 544 eos
1461 496 1666 559 ingenti-

70 593 160 640 bus
209 591 406 653 proeliis
453 590 584 638 vicit.
658 590 718 636 In
759 592 858 649 quo
900 588 1031 635 bello
1073 602 1188 633 curn
1230 586 1526 648 permultum
1570 591 1670 647 agri

70 681 425 741 hominumque
474 678 738 726 maximam
786 677 886 724 vim
935 676 1164 738 cepisset,
1208 676 1314 737 ipse
1364 674 1481 722 inde
1530 674 1670 721 ditari

71 770 199 817 adeo
246 769 416 827 noluit,
460 776 527 826 ut,
576 783 690 814 cum
739 767 1035 813 interversae
1083 765 1323 827 pecuniae
1371 767 1668 825 argueretur,

71 859 234 906 catillo
270 859 446 920 ligneo,
485 861 584 918 quo
620 860 690 904 uti
727 855 790 902 ad
829 854 1067 902 sacrificia
1104 857 1443 911 consueverat,
1481 852 1531 898 in
1568 867 1668 898 rne-

72 949 208 996 dium
244 947 434 1009 prolato
471 946 664 1004 isiraret,
697 949 749 992 se
785 944 905 991 nihil
941 943 1149 1004 amplius
1187 942 1252 989 de
1288 940 1474 1003 praeda
1510 941 1671 988 hostili

72 1038 121 1083 in
147 1036 353 1084 domum
379 1051 515 1082 suam
542 1033 856 1081 convertisse.
929 1033 1081 1080 Curio
1107 1031 1170 1079 ad
1198 1031 1362 1078 focum
1394 1029 1586 1077 sedenti
1621 1030 1670 1076 in

71 1131 249 1187 agresti
273 1128 474 1172 scamno
501 1132 549 1170 et
575 1139 634 1170 ex
658 1124 821 1185 ligneo
856 1122 1021 1169 catillo
1054 1125 1251 1168 cenanti
1287 1135 1399 1166 curn
1438 1123 1670 1180 magnum

71 1220 174 1262 auri
210 1213 407 1276 pondus
444 1214 684 1261 Samnites
720 1211 1009 1270 attulissent,
1048 1210 1294 1272 repudiati
1329 1209 1391 1256 ab
1429 1213 1489 1255 eo
1527 1215 1637 1254 sunt
1656 1224 1668 1266 3

71 1309 172 1351 non
198 1303 329 1350 enim
355 1317 526 1349 aurum
552 1301 733 1350 habere
760 1301 851 1348 sibi
886 1299 1191 1362 praeclarum
1226 1298 1382 1346 videri
1419 1296 1554 1356 dixit,
1583 1295 1670 1344 sed

73 1399 156 1452 eis,
177 1398 261 1454 qui
284 1392 524 1440 haberent
549 1406 736 1449 aurum,
758 1390 1015 1451 imperare.
1090 1389 1203 1449 Quo
1232 1391 1469 1448 responso
1497 1386 1670 1434 Curius

73 1481 366 1530 Samnitibus
404 1479 635 1539 ostendit,
662 1484 715 1527 se
751 1493 915 1540 neque
952 1478 1059 1525 acie
1095 1477 1226 1524 vinci
1261 1491 1423 1537 neque
1461 1475 1672 1537 pem-mia

73 1576 322 1632 corrumpi
347 1585 506 1631 posse.
566 1571 681 1631 Agri
706 1573 838 1629 capti
863 1571 1069 1628 septEna
1093 1567 1260 1628 iugera
1285 1565 1469 1627 populo
1495 1564 1670 1611 viritim

74 1660 234 1708 divisit
253 1677 265 1719 3
304 1673 515 1719 cumque
542 1657 632 1719 ipsi
657 1662 851 1704 senatus
878 1657 1045 1718 iugera
1070 1654 1422 1716 quinquaginta
1447 1653 1668 1714 adsigna-

74 1757 162 1808 ret,
189 1749 297 1810 plus
333 1748 559 1809 accipere
596 1746 765 1804 noluit,
800 1761 948 1807 quam
986 1745 1183 1806 singulis
1222 1744 1407 1791 civibus
1446 1751 1548 1789 erat
1586 1742 1670 1789 da-

74 1847 194 1896 tum,
244 1836 463 1898 dixitque
511 1836 844 1897 perniciosum
893 1850 1000 1881 esse
1050 1839 1224 1892 civem,
1274 1838 1357 1894 qui
1410 1836 1487 1890 eo,
1536 1830 1672 1892 quod

74 1927 270 1987 reliquis
306 1926 614 1984 tribueretur,
652 1932 914 1972 contentus
953 1928 1053 1970 non
1091 1931 1234 1970 esset.

143 2018 335 2074 Postea,
362 2015 532 2062 consul
574 2018 781 2072 creatus,
807 2013 1040 2060 adversus
1081 2012 1318 2074 Pyrrhum
1355 2016 1529 2058 missus
1566 2017 1639 2056 est
1658 2026 1672 2068 3

75 2120 286 2166 cumque
313 2104 363 2151 in
390 2103 637 2165 Capitolio
663 2102 913 2150 delectum
939 2102 1144 2150 haberet
1182 2109 1230 2148 et
1267 2100 1480 2147 ifiniores
1506 2098 1672 2146 taedio

75 2194 191 2242 belli
214 2194 416 2241 nomina
447 2197 548 2240 non
573 2192 763 2250 darent,
792 2191 1028 2238 coniectis
1055 2191 1105 2237 in
1129 2195 1301 2237 urnam
1333 2189 1554 2236 omnium
1591 2187 1671 2234 tri-

76 2284 228 2332 buum
266 2282 548 2329 nominibus
588 2286 798 2342 primum
838 2284 1021 2327 nomen
1059 2284 1180 2326 firna
1220 2286 1490 2325 extractum
1539 2276 1675 2323 citari

75 2372 226 2430 iussit,
265 2379 314 2418 et
355 2387 469 2417 cum
518 2369 808 2417 aduleScens
855 2373 956 2416 non
1004 2366 1342 2430 responderet,
1392 2366 1524 2414 bona
1572 2365 1673 2412 eius

77 2461 246 2508 hastae
283 2460 492 2508 subiecit
511 2477 523 2519 3
565 2459 762 2517 deinde,
790 2474 903 2505 cum
937 2458 976 2505 is
1010 2465 1210 2518 questus
1251 2455 1314 2503 de*
1354 2455 1527 2502 iniuria
1556 2458 1671 2501 con-

77 2551 190 2597 sulis
217 2550 436 2597 tribunos
467 2549 624 2610 plebis
663 2548 974 2609 appellasset,
1001 2547 1163 2607 ipsum
1200 2560 1398 2606 quoque
1433 2543 1672 2600 vendidit,

77 2639 199 2686 nihil
235 2654 358 2700 opus
398 2653 503 2685 esse
540 2637 837 2698 reipfiblicae
876 2640 936 2682 eo
974 2640 1094 2693 cive,
1121 2639 1205 2695 qui
1239 2638 1450 2680 nesciret
1486 2636 1673 2693 parere,
1739 2650 1751 2658 -

79 2727 264 2775 dicens.
327 2728 505 2787 Neque
531 2727 710 2773 tribuni
735 2724 891 2786 plebis
917 2723 1219 2770 adulEscenti
1243 2722 1420 2769 auxilio
1448 2722 1641 2768 qurunt
1660 2736 1673 2778 3

80 2821 351 2878 posteaque
394 2820 470 2863 res
513 2816 559 2861 in
604 2813 1014 2861 consuetudinem
1063 2812 1197 2870 abiit,
1240 2820 1294 2858 ut
1341 2810 1538 2858 deIectfi
1585 2814 1674 2856 rIte

1710 1320 1752 1344 10

1711 1762 1750 1800 ยน5

1709 2209 1755 2232 20
