1946 3116
443 130 681 182 Publius
725 129 1005 182 Cornelius
1060 130 1237 196 Scipio
1574 144 1638 197 37

44 325 235 365 menter
252 316 497 379 gessisset,
520 315 818 362 circumffisa
840 313 1102 361 multitudo
1123 329 1235 360 eum
1263 319 1428 376 regem
1455 315 1640 378 ingenti

45 410 287 453 consensu
329 404 623 466 appellavit,
674 412 722 450 at
765 403 928 464 Scipio
971 402 1164 449 silentio
1208 417 1298 463 per
1339 409 1638 464 praeconem

44 495 190 555 facto,
246 495 495 540 “Nomen
531 492 888 553 imperatoris,''
917 491 1089 552 inquit,
1119 494 1264 552 “quo
1302 496 1381 539 me
1419 500 1516 541 mei
1551 501 1636 542 mi-

43 584 151 630 lites
198 583 519 644 appellarunt,
564 581 683 628 mihi
732 581 1000 627 maximum
1050 588 1155 640 est,
1206 582 1391 642 r'e‘gium
1440 588 1637 643 nomen,

43 672 157 720 alibi
196 676 442 733 magnum,
485 672 675 717 Romae
717 669 1021 717 intolerabile
1064 677 1152 716 est.
1228 671 1273 717 Si
1312 670 1361 717 id
1401 674 1637 733 amplissi-

43 777 178 808 mum
222 760 463 819 iudicatis,
507 758 644 820 quod
691 758 850 820 regale
896 766 983 817 est,
1029 759 1166 806 vobis
1210 759 1324 806 licet
1367 762 1638 809 existimare

43 850 257 912 rEgalem
299 849 350 895 in
389 852 468 895 me
509 864 614 895 esse
659 848 877 894 animum
897 865 910 907 3
956 848 1044 895 sed
1085 853 1171 895 oro
1210 853 1311 907 vos,
1350 858 1402 896 ut
1445 855 1472 897 a
1514 851 1638 912 regis

707 938 731 957 Η

43 939 371 1001 appellatione
399 937 696 985 abstineatis.
808 938 1011 984 Senseffi
1048 937 1196 984 etiam
1227 937 1418 985 barbari
1454 941 1637 1001 magni-

43 1028 266 1076 tudinem
304 1028 468 1086 animi,
506 1032 603 1088 qua
639 1027 802 1088 Scipio
840 1026 891 1073 id
928 1026 1291 1088 aspernabatur,
1318 1027 1455 1088 quod
1491 1033 1641 1076 ceteri

43 1118 272 1165 mortales
309 1117 610 1165 admirantur
648 1124 696 1163 et
735 1122 1108 1177 concupiscunt.

111 1207 273 1268 Scipio
323 1211 524 1267 recepta
571 1206 816 1267 Hispania
863 1222 976 1252 cum
1019 1206 1116 1252 iam
1160 1207 1343 1254 bellum
1385 1208 1435 1255 in
1482 1208 1639 1270 ipsam

41 1284 258 1343 Efricam
284 1296 542 1344 transferre
570 1294 907 1354 medita‘rEtur,
937 1296 1274 1344 conciliandos
1305 1297 1437 1358 prius
1469 1301 1639 1360 regum

42 1393 92 1432 et
115 1385 336 1447 gentium
363 1384 552 1431 animos
579 1384 886 1431 existimavit.
948 1384 1239 1446 Syphacem,
1259 1386 1545 1433 Maurorum
1572 1391 1640 1434 re*-

41 1490 170 1536 gem,
199 1473 626 1535 opulentissimum
658 1478 804 1521 totius
830 1460 1025 1520 Rfricae
1065 1478 1246 1536 regem,
1276 1491 1423 1536 quem
1461 1481 1639 1538 magno

41 1568 149 1611 usui
186 1563 273 1611 sibi
316 1564 418 1610 fore
459 1567 691 1624 speraret,
731 1568 945 1625 primum
983 1569 1172 1610 tentare
1212 1564 1392 1612 statuit.
1466 1567 1639 1626 Itaque

41 1652 253 1714 legatum
296 1668 411 1698 cum
449 1652 590 1699 donis
629 1651 693 1699 ad
735 1668 848 1699 eum
893 1653 1022 1700 misit
1062 1653 1120 1701 C.
1161 1654 1395 1712 Laelium,
1424 1659 1637 1716 quocum

40 1741 214 1788 intima
254 1741 579 1788 familiaritate
621 1741 830 1789 vivebat.
911 1742 1106 1804 Syphax
1148 1742 1413 1789 amicitiam
1456 1744 1638 1791 Roma-

40 1835 216 1878 norum
242 1834 294 1877 se‘
318 1830 545 1891 accipere
572 1829 758 1889 adnuit,
786 1830 875 1878 sed
911 1830 1063 1877 fidem
1097 1847 1191 1878 nec
1230 1831 1346 1879 dare
1381 1848 1475 1880 nec
1508 1833 1636 1879 acci-

41 1935 178 1982 pere,
203 1918 297 1966 nisi
323 1935 436 1966 cum
463 1919 570 1981 ipso
595 1924 763 1966 coram
801 1919 927 1966 duce
967 1921 1211 1980 Romano,
1237 1921 1403 1968 voluit.
1475 1922 1638 1983 Scipio

41 2009 185 2070 igitur
221 2008 271 2054 in
306 1996 522 2055 Kfricam
558 2009 762 2056 traiecit.
835 2010 983 2056 Forte
1022 2009 1089 2056 ita
1127 2009 1314 2068 incidit,
1341 2018 1394 2057 ut
1433 2015 1493 2058 eo
1529 2011 1637 2072 ipso

41 2105 268 2158 tempore
296 2097 579 2145 Hasdrubal
604 2098 770 2158 pulsus
809 2098 1052 2158 Hispania
1088 2098 1152 2145 ad
1190 2098 1403 2145 eund'em
1440 2108 1636 2160 portum

42 2187 327 2248 appelleret,
367 2182 601 2247 Syphacis
641 2186 906 2233 amicitiam
947 2187 1130 2248 pariter
1168 2192 1420 2249 petiti1rus.
1491 2190 1635 2237 Uter-

42 2290 137 2336 que
163 2280 191 2321 Ξ
215 2279 329 2336 rege
355 2274 405 2321 in
438 2274 704 2337 hospitium
731 2275 972 2322 invitatus.
1045 2277 1286 2324 Cenatum
1325 2277 1467 2324 simul
1503 2276 1636 2339 apud

42 2368 210 2425 regem
254 2371 342 2422 est,
383 2363 565 2411 eodem
605 2364 754 2410 etiam
794 2364 923 2411 lecto
963 2366 1126 2426 Scipio
1166 2374 1313 2427 atque
1354 2366 1637 2415 Hasdrubal

41 2452 392 2500 accubuerunt.
463 2453 624 2499 Tanta
659 2461 825 2500 autem
864 2453 1020 2500 inerat
1059 2455 1263 2502 comitas
1303 2456 1352 2502 in
1391 2456 1634 2517 Scipione,
1701 2482 1713 2488 -

40 2549 95 2588 ut
119 2546 219 2588 non
245 2542 519 2602 Syphacem
547 2541 715 2600 modo,
744 2542 832 2590 sed
859 2543 1006 2589 etiam
1042 2543 1233 2590 hostem
1269 2544 1635 2591 infestissimum

44 2630 408 2678 Hasdrubalem
446 2631 537 2679 sibi
573 2632 872 2679 conciliaret.
944 2633 1108 2694 Scipio
1146 2633 1346 2680 foedere
1384 2633 1484 2680 icto
1522 2649 1634 2680 cum

44 2719 264 2780 Syphace
290 2719 340 2765 in
366 2720 661 2781 Hispaniam
687 2720 750 2767 ad
778 2721 1046 2768 exercitum
1071 2721 1231 2768 rediit.

111 2807 370 2854 Masinissa
389 2823 586 2868 quoque
609 2809 872 2856 amicitiam
900 2825 1012 2856 cum
1039 2811 1266 2871 Scipione
1292 2810 1491 2872 iungere
1516 2812 1634 2858 iam-

1678 1143 1720 1167 10

1678 1588 1716 1627 15

1673 2032 1718 2057 20
