1946 3116
657 134 831 185 Gaius
870 135 1094 184 splarz'us
1603 150 1665 204 53

69 325 205 367 catus
243 325 270 367 Ξ
304 320 464 368 Cinna
501 320 550 366 in
590 309 781 366 italiam
818 319 976 378 rediit,
1022 318 1244 367 efferatus
1281 323 1435 383 magis
1471 324 1666 370 calami-

69 414 167 456 tate
210 424 358 470 quam
401 408 631 456 domitus.
721 409 847 456 Cum
897 409 1114 456 exerciti-1
1164 410 1378 456 Romam
1427 411 1668 473 ingressus

69 513 179 545 eam
216 499 451 546 caedibus
489 507 537 545 et
575 504 753 560 rapinis
790 499 995 546 vastavit
1014 516 1027 558 3
1078 503 1249 546 omnes
1290 500 1525 547 adversae
1570 502 1666 548 fac-

69 587 214 634 tionis
269 588 460 635 nobiles
511 588 650 634 variis
709 588 1064 649 suppliciorum
1123 588 1385 649 generibus
1448 590 1634 637 adfecit
1654 609 1667 650 3

69 682 283 738 quinque
319 676 425 724 dies
463 677 723 724 continuos
762 676 1070 737 totidemque
1109 681 1281 724 noctes
1319 678 1397 724 illa
1428 679 1667 726 scelerum
1707 697 1722 736 5

69 766 290 813 omnium
321 765 511 813 dfiravit
542 766 754 813 licentia.
826 767 943 812 Hoc
974 774 1199 827 ternpore
1231 766 1521 814 admiranda
1553 772 1667 815 sane

69 855 239 916 populi
267 856 479 902 Romani
510 855 805 902 abstinentia
836 855 938 901 fuit.
1005 856 1133 903 Cum
1165 856 1296 902 enim
1329 856 1512 903 Marius
1543 863 1669 903 occi-

69 948 232 991 sorum
267 943 446 991 domos
480 944 777 991 multitudini
815 943 1116 1005 diripiendas
1155 944 1432 1003 obiecisset,
1466 945 1669 993 inveniri

70 1033 229 1094 potuit
259 1036 422 1091 nemo,
450 1038 531 1093 qui
563 1033 687 1079 civili
717 1033 851 1079 luctu
884 1032 1120 1094 praedam
1152 1041 1374 1094 peteret3
1411 1049 1536 1094 quae
1569 1035 1668 1095 qui-

70 1122 186 1169 dem
226 1130 325 1168 tam
367 1122 642 1169 misericors
682 1122 989 1168 continentia
1032 1122 1189 1182 plebis
1233 1123 1382 1169 tacita
1423 1124 1668 1183 quaedam
1710 1144 1749 1167 10

69 1210 340 1257 crUdElium
379 1215 619 1257 victorum
659 1210 952 1271 vituperatio
998 1210 1101 1257 fuit.
1196 1211 1422 1258 Tandem
1468 1212 1667 1271 Marius,

69 1300 206 1346 senio
247 1307 295 1346 et
338 1299 584 1347 laboribus
627 1300 882 1346 confectus
927 1300 975 1346 in
1019 1300 1246 1348 morbum
1290 1300 1463 1347 incidit
1507 1309 1555 1347 et
1597 1301 1667 1348 in-

69 1394 200 1450 genti
233 1389 451 1435 omnium
483 1389 665 1435 laetitia
695 1395 842 1435 vitam
876 1389 1048 1435 finivit.
1122 1389 1272 1436 Cuius
1304 1389 1390 1436 viri
1423 1395 1462 1436 si
1493 1390 1669 1437 exami-

70 1486 246 1524 nentur
278 1493 391 1523 cum
424 1478 680 1525 virtutibus
715 1478 844 1536 vitia,
880 1478 1011 1525 haud
1049 1478 1190 1525 facile
1225 1479 1285 1525 sit
1319 1478 1471 1537 dictu,
1506 1487 1668 1526 utrum

70 1567 198 1614 bello
233 1567 418 1625 melior,
451 1582 513 1613 an
549 1572 671 1628 pace
706 1567 1026 1628 perniciosior
1057 1567 1232 1627 fuerit3
1270 1583 1485 1629 namque
1519 1583 1727 1629 quam15

69 1670 173 1702 rem
199 1655 447 1716 publicam
475 1661 685 1702 armatus
720 1656 941 1715 servavit,
970 1671 1078 1703 eam
1115 1661 1273 1717 primo
1308 1662 1500 1718 togatus
1535 1663 1669 1705 omni

68 1759 249 1805 genere
288 1743 484 1803 fraudis,
512 1749 763 1805 postremo
802 1750 946 1792 armis
983 1745 1221 1792 hostiliter
1258 1747 1447 1793 evertit.

138 1834 256 1879 Erat
282 1833 465 1879 Marius
493 1833 659 1880 durior
695 1834 757 1880 ad
798 1833 1111 1881 hiimanitatis
1150 1834 1311 1882 studia
1348 1843 1398 1881 et
1434 1835 1666 1897 ingenua-

67 1937 173 1968 rum
207 1926 383 1968 artium
418 1930 749 1983 contemptor.
822 1923 949 1970 Cum
986 1922 1166 1970 aedem
1205 1924 1428 1971 Honoris
1466 1924 1529 1971 de
1568 1940 1666 1971 ma-

68 2011 225 2057 nubiis
265 2011 477 2057 hostium
508 2011 733 2069 vovisset,
761 2015 924 2072 spreta
960 2017 1330 2073 peregrinorum
1370 2028 1666 2060 marmorum
1704 2033 1749 2057 20

67 2099 320 2147 nobilitate
364 2099 704 2160 artificumque
744 2101 1048 2147 Graecorum
1086 2109 1188 2147 arte
1233 2116 1341 2147 eam
1384 2102 1565 2163 vulgari
1600 2102 1664 2148 la-

67 2188 183 2249 pide
215 2203 302 2249 per
332 2189 569 2235 artificem
614 2190 894 2235 Romanum
933 2189 1118 2236 curavit
1152 2190 1528 2237 aedificandam.
1603 2192 1667 2238 Et

68 2277 282 2324 Graecas
316 2277 498 2323 litteras
535 2276 855 2338 despiciebat,
884 2277 1018 2338 quod
1051 2277 1337 2326 doctoribus
1368 2285 1463 2326 suis
1493 2294 1666 2341 parum

67 2365 130 2412 ad
159 2365 388 2412 virtfitem
427 2366 735 2426 profuissent.
808 2369 870 2413 At
906 2366 1040 2414 idem
1079 2367 1229 2426 fortis,
1257 2367 1460 2427 validus,
1497 2368 1666 2416 adver-

66 2469 144 2501 sus
176 2453 399 2501 dolorem
431 2454 769 2502 confirmatus.
831 2456 958 2503 Cum
989 2461 1034 2502 ei
1064 2456 1246 2503 varices
1282 2456 1331 2502 in
1365 2461 1504 2504 crure
1539 2461 1668 2504 seca-
1703 2475 1745 2514 ²5

66 2550 245 2601 rentur,
282 2543 435 2590 vetuit
479 2547 530 2590 se
573 2543 785 2605 adligari.
860 2531 1045 2591 fierem
1089 2553 1252 2592 tamen
1296 2545 1440 2592 fuisse
1484 2545 1666 2593 doloris

67 2647 283 2678 morsum
326 2615 440 2693 ipse·
475 2631 691 2679 ostendit
710 2650 722 2691 3
761 2648 875 2679 nam
911 2633 1126 2692 medico,
1161 2634 1367 2681 alterum
1409 2639 1517 2681 crus
1553 2650 1664 2696 pos-

66 2720 252 2779 tulanti,
300 2720 455 2767 noluit
508 2721 762 2782 praebere,
812 2721 948 2782 quod
1004 2722 1240 2770 maiorem
1300 2738 1404 2770 esse
1463 2722 1666 2769 remedii

66 2822 215 2869 quam
252 2809 412 2857 morbi
448 2809 673 2857 dolorem
710 2809 964 2857 iudicaret.
