1946 3116
399 104 602 157 Caesar
641 104 978 156 Octavianus
1017 104 1306 171 Angustus
1584 119 1650 171 93

60 308 376 355 perrumpere
415 300 464 338 et
501 292 564 339 ad
602 292 810 339 tribfinal
848 290 1050 352 propius
1087 289 1327 336 accedere
1371 290 1654 337 cenabatur.

61 381 211 443 Quod
245 397 358 427 cum
394 382 566 427 fri—istra
599 385 848 438 tentasset,
878 380 1001 425 haec
1027 379 1177 425 verba
1210 379 1260 424 in
1294 378 1473 425 tabell}
1506 384 1654 440 scrip-

934 469 988 502 '7²

59 472 134 530 sit,
191 472 389 532 “Surge
433 470 651 528 tandem,
692 469 910 515 carnifex
1051 482 1261 528 eamque
1312 467 1544 514 tabellam
1593 467 1656 514 ad

59 563 332 622 Augustum
368 559 590 621 preiecit.
666 559 778 618 Qua
813 558 940 604 lecta
975 557 1014 603 is
1052 557 1217 604 statim
1254 556 1457 603 surrexit
1494 571 1656 617 neque

60 650 319 712 quisquam
358 657 430 696 est
468 656 625 695 morte
666 647 911 694 multatus.

128 738 385 786 Habitavit
432 740 676 798 Augustus
721 737 772 782 in
812 735 1017 783 aedibus
1059 733 1286 794 modicis,
1327 749 1490 795 neque
1540 734 1655 780 laxi-

59 833 158 876 tfite
183 843 343 888 neque
371 827 504 873 culti—1
531 826 825 887 censpicuis,
862 841 919 871 ac
954 840 1042 886 per
1075 829 1229 871 annes
1260 824 1469 884 amplius
1502 823 1655 884 quad-

58 917 246 979 raginta]
300 917 351 962 in
398 916 578 963 eedem
628 915 857 963 cubicule
914 914 1076 960 hieme
1124 921 1174 960 et
1225 918 1409 960 aestate
1463 912 1655 959 mensit.

60 1006 323 1067 Suppellex
381 1021 579 1066 quoque
635 1005 737 1051 eius
791 1004 870 1051 vix
929 1008 1147 1064 privatae
1207 1002 1478 1064 elegantiae
1539 1010 1656 1048 erat.

60 1097 193 1142 Rare
229 1103 364 1141 veste
407 1094 501 1141 alia
542 1099 655 1141 fisus
700 1102 774 1140 est
810 1108 959 1154 quam
1003 1093 1232 1139 cenfecta
1273 1092 1334 1139 ab
1374 1096 1542 1148 uxere,
1581 1106 1655 1137 so-

60 1189 186 1244 rere,
236 1184 341 1231 filia
388 1184 735 1244 neptibusque.
833 1184 962 1229 Item
1011 1190 1180 1228 tamen
1227 1182 1459 1239 Remam,
1509 1195 1658 1241 quam

60 1279 149 1336 pre
180 1273 434 1341 maiestate
467 1273 662 1334 imperii
696 1277 795 1319 nen
830 1272 944 1318 satis
979 1276 1201 1318 ernetam
1234 1270 1503 1328 invenerat,
1530 1268 1659 1316 adee

61 1363 288 1421 excoluit,
325 1370 380 1409 ut
415 1362 518 1409 iure
561 1362 860 1423 gleriaretur,
900 1375 1228 1407 marmoream
1271 1363 1323 1406 se
1366 1359 1657 1420 relinquere,

60 1467 208 1514 quam
244 1451 513 1498 latericiam
552 1451 843 1512 accepisset.

129 1542 310 1588 Ferme
359 1540 448 1587 fuit
497 1542 743 1602 Augustus
796 1539 975 1586 eximia
1026 1547 1075 1586 et
1125 1554 1215 1600 per
1264 1542 1437 1585 omnes
1487 1537 1659 1584 aete—itis

60 1629 239 1693 gradus
271 1629 624 1677 venustissime.
702 1630 819 1675 Erat
852 1637 1021 1676 tamen
1063 1628 1223 1675 omnis
1266 1626 1500 1673 lenecinii
1540 1641 1656 1687 neg·

60 1719 229 1781 legens
291 1727 340 1766 et
399 1719 449 1765 in
498 1718 661 1779 capite
711 1717 961 1765 cemende
1010 1725 1111 1764 tam
1160 1717 1448 1773 incfiriesus,
1497 1723 1550 1762 ut
1599 1719 1658 1762 ee

59 1809 169 1870 ipse
221 1816 462 1869 tempore,
512 1812 611 1869 que
665 1806 785 1853 illud
839 1807 1117 1854 tenseribus
1174 1805 1523 1863 committeret,
1577 1812 1660 1850 aut

60 1898 246 1960 legeret
282 1897 469 1958 aliquid
505 1905 589 1944 aut
626 1896 775 1944 etiam
813 1896 1062 1961 scriberet.

131 1988 302 2033 Paucis
359 1991 495 2033 annis
552 1994 820 2047 antequam
878 1989 1164 2042 moreretur,
1219 1982 1554 2045 gravissimam
1609 1982 1660 2028 in

63 2076 329 2123 Germa—mie.
370 2075 565 2136 accepit
607 2074 816 2133 cladem,
862 2074 1015 2122 tribus
1058 2073 1331 2134 legienibus
1375 2087 1489 2118 cum
1532 2071 1660 2118 duce

60 2165 190 2212 Vere
233 2165 500 2226 legetisque
544 2172 593 2211 et
635 2164 820 2211 auxiliis
865 2163 1092 2211 omnibus
1139 2167 1308 2209 caesis.
1382 2162 1494 2208 Hac
1538 2165 1657 2207 nun-

61 2254 180 2301 tiata
205 2254 434 2302 excubias
468 2269 558 2315 per
588 2254 762 2301 urbem
797 2253 987 2312 indixit,
1015 2256 1077 2299 ne
1111 2252 1218 2313 quis
1245 2251 1479 2297 tumultus
1512 2250 1656 2296 exsis-

61 2351 201 2402 teret,
247 2351 296 2390 et
339 2348 542 2405 megnes
586 2343 728 2390 hides
774 2344 880 2389 Iovi
929 2342 1120 2403 optime
1167 2341 1380 2388 maxime
1429 2339 1577 2398 vevit,
1621 2344 1660 2385 si

60 2436 137 2479 res
189 2433 387 2494 publica
434 2433 484 2479 in
531 2432 786 2479 melierem
835 2439 1015 2478 statum
1063 2430 1301 2477 vertisset.
1374 2428 1516 2475 Adee
1570 2427 1654 2474 de-

86 2602 121 2637 3.
148 2590 333 2636 carnifex,
356 2592 612 2634 executioner,
632 2591 804 2627 butclzer.
905 2589 960 2626 16.
988 2589 1185 2632 lenecinii,
1205 2589 1444 2624 adornment.

86 2653 120 2689 6.
147 2653 313 2697 laxitete,
333 2655 602 2700 spaciousness.
909 2654 964 2688 18.
991 2652 1232 2694 t6ns6ribus,
1252 2651 1420 2687 barbers.

65 2725 120 2752 11.
147 2716 343 2762 neptibUS,
355 2716 730 2762 grand-daughters.
908 2725 965 2761 23.
993 2713 1343 2757 excubiasinffixit,
1359 2712 1526 2748 ordered
1533 2712 1660 2747 watclz

66 2788 122 2823 14.
152 2777 379 2825 latericiam,
404 2778 580 2825 osbrick.
1039 2781 1075 2812 to
1094 2777 1136 2812 be
1152 2776 1249 2822 kept.

1698 1109 1741 1132 10

1699 1552 1738 1590 Ι5

1697 2004 1742 2028 20
