1946 3116
494 124 732 188 Quintus
772 125 976 175 Fabius
1016 126 1092 175 M
1085 125 1236 175 axz'm
1244 143 1307 175 ns
1636 139 1705 190 29

112 320 161 358 et
187 313 377 358 Romae
405 318 454 358 et
479 310 528 356 in
554 310 772 357 exercitii
801 310 1063 371 imperium
1101 310 1319 357 haberet.
1392 311 1485 357 His
1523 316 1703 359 sermo-

112 400 252 448 nibus
277 403 498 459 accansa,
522 399 662 460 plabs
688 398 916 446 dictatori
940 399 1225 460 magistrum
1253 399 1471 459 equitum
1498 400 1706 461 imperio

111 489 352 550 aequavit.
426 489 574 534 Hanc
600 488 825 534 inii—iriam
849 492 1009 548 aequo
1037 488 1201 534 animo
1229 487 1337 533 tulit
1366 487 1544 535 Fabius
1570 505 1704 538 exer—

111 578 363 638 citumque
389 593 529 624 suum
556 592 668 623 cum
697 577 919 623 Minucio
946 576 1119 623 divisit.
1193 577 1321 623 Cum
1348 586 1513 624 autem
1545 581 1705 626 Minu-

111 667 214 714 cius
245 670 432 714 temere
468 666 708 728 proelium
747 666 1088 724 commisisset,
1121 671 1165 712 ei
1201 667 1495 727 periclitanti
1530 670 1708 716 auxilio

109 756 243 803 vanit
268 754 464 803 Fabius.
536 755 686 803 Caius
721 755 881 802 subito
919 754 1132 801 adventa
1171 771 1418 817 repressus
1457 760 1709 806 Hannibal

111 850 333 906 receptui
369 844 563 904 cecinit,
590 844 752 905 palam
790 844 1059 903 confessuS,
1088 845 1149 892 ab
1188 849 1239 892 sa
1277 847 1566 907 Minucium,
1595 853 1645 896 sa
1683 853 1710 895 a

112 934 266 982 Fabio
312 939 494 981 victum
543 948 666 980 esse.
737 932 1054 980 Redeuntem
1106 949 1167 980 ex
1214 936 1321 982 acie
1369 936 1548 984 dixisse
1596 953 1709 984 eum

111 1023 287 1081 ferunt,
329 1022 529 1069 tandem
572 1038 681 1069 eam
718 1023 918 1081 nabem,
953 1038 1078 1084 quae
1118 1023 1288 1071 sedare
1327 1025 1376 1072 in
1412 1026 1532 1088 iugis
1571 1032 1708 1074 mon-

111 1112 233 1159 tium
260 1112 402 1158 solita
435 1120 579 1170 esset,
607 1126 718 1157 cum
759 1112 977 1172 procella
1014 1113 1220 1160 imbrem
1261 1113 1473 1162 dedisse.
1547 1116 1709 1162 Minu-

111 1201 214 1248 cius
240 1209 404 1247 autem
431 1201 649 1262 periculo
676 1201 903 1248 liberatus
941 1210 1098 1248 castra
1129 1218 1242 1248 cum
1281 1204 1319 1249 F
1323 1203 1435 1251 abio
1472 1204 1628 1252 ianxit
1664 1213 1713 1252 et

111 1298 302 1352 patrem
329 1305 441 1336 eum
468 1290 730 1351 appellavit
758 1290 992 1352 idemque
1022 1291 1183 1338 facere
1211 1292 1386 1340 militas
1412 1293 1561 1341 iussit.

180 1381 359 1427 Postea
384 1379 635 1427 Hannibal
659 1381 875 1427 Tarento
909 1395 998 1441 per
1033 1380 1367 1442 proditionem
1404 1388 1586 1443 potItus
1624 1392 1710 1431 est.

113 1471 261 1516 Hanc
297 1469 470 1517 urbem
507 1477 561 1516 ut
598 1471 773 1516 Poenis
815 1469 1078 1529 traderent,
1107 1470 1347 1517 tredecim
1386 1471 1487 1518 fera
1523 1472 1712 1520 nobilas

112 1559 311 1606 iuvenas
335 1560 589 1606 Tarentini
615 1559 1003 1606 conii-iraverant.
1081 1560 1152 1605 Hi
1186 1567 1333 1606 nocte
1370 1575 1459 1621 per
1495 1562 1712 1622 speciem

110 1649 323 1697 vanandi
364 1649 484 1696 urbe
528 1653 709 1711 egressi
748 1649 812 1696 ad
858 1648 1212 1707 Hannibalem,
1248 1655 1331 1710 qui
1366 1649 1498 1696 haud
1541 1650 1713 1711 procul

111 1747 270 1786 castra
306 1738 535 1797 hab'e'bat,
566 1743 821 1785 variarunt.
895 1738 989 1785 Cui
1025 1753 1153 1796 cum,
1192 1737 1311 1798 quid
1350 1744 1591 1799 pararent,
1630 1755 1710 1786 ex-

111 1828 404 1890 posuissent,
431 1828 744 1876 conlaudavit
770 1832 854 1875 eos
882 1827 1136 1875 Hannibal
1163 1828 1466 1888 monuitque,
1492 1836 1545 1875 ut
1571 1829 1710 1876 rede—

111 1922 252 1966 untas
295 1934 479 1980 pecora
519 1918 1012 1980 Carthaginiensium,
1060 1932 1186 1978 quae
1237 1922 1430 1978 pastum
1480 1918 1712 1978 propulsa

113 2016 289 2066 essent,
329 2007 394 2054 ad
435 2008 608 2056 urbem
652 2016 868 2070 agerent,
908 2015 956 2054 et
997 2007 1145 2053 veluti
1187 2006 1424 2067 praedam
1468 2022 1528 2053 ex
1569 2007 1710 2054 hoste

112 2097 290 2144 factam
318 2105 401 2144 aut
430 2098 682 2158 praefecto
719 2105 802 2144 aut
839 2097 1126 2144 custodibus
1165 2100 1414 2156 portarum
1454 2095 1707 2143 donarent.

113 2185 173 2233 Id
200 2186 374 2233 iterum
409 2202 467 2233 ac
501 2187 693 2248 saepius
730 2187 794 2234 ab
831 2192 898 2233 eis
930 2187 1112 2232 factum
1151 2189 1308 2246 eoque
1342 2185 1710 2232 consuatadinis

112 2274 329 2323 adducta
376 2279 452 2322 ras
501 2283 588 2333 est,
631 2283 699 2334 ut,
735 2280 1048 2336 quocumque
1086 2275 1246 2322 noctis
1296 2282 1519 2335 tempore
1571 2275 1709 2321 sibilo

113 2363 367 2411 dedissent
409 2369 614 2425 signum,
658 2371 801 2425 porta
842 2364 975 2412 urbis
1020 2368 1303 2425 aperiratur.
1387 2364 1528 2409 Tunc
1570 2365 1708 2409 Han-

111 2453 243 2501 nibal
291 2458 374 2500 eos
422 2461 570 2500 nocte
614 2453 782 2500 media
823 2468 935 2499 cum
985 2453 1162 2500 decem
1213 2452 1404 2500 milibus
1452 2452 1709 2498 hominum

113 2542 419 2590 dalactarum
463 2547 658 2589 secatus
701 2550 789 2589 est.
877 2542 978 2590 Ubi
1021 2550 1191 2603 portae
1236 2546 1707 2603 appropinquarunt,

112 2636 230 2678 nota
259 2631 488 2677 iuvenum
522 2636 618 2677 vox
649 2639 697 2677 et
735 2631 967 2677 familiare
1006 2636 1195 2692 signum
1231 2631 1427 2692 vigilem
1465 2629 1706 2676 excitavit.

113 2720 228 2766 Duo
253 2725 395 2780 primi
416 2720 692 2767 inferabant
718 2734 891 2780 aprum
916 2724 1039 2766 vasti
1071 2720 1303 2780 corporis.
1376 2719 1505 2780 Vigil
1541 2719 1705 2765 incau-

112 2815 188 2855 tus
214 2807 333 2854 dum
366 2808 540 2856 baluae
574 2808 962 2869 magnitadinem
1000 2813 1210 2865 mIratur,
1237 2807 1479 2855 vanabulo
1517 2812 1705 2853 occisus

1751 1143 1793 1166 10

1752 1581 1790 1619 15

1747 2028 1793 2053 20

1746 2479 1787 2517 25
