1946 3116
487 154 706 205 Gnaeus
745 155 1041 222 Pompeius
1079 156 1326 224 Magnus
1630 161 1693 210 61

100 346 151 389 se
204 340 416 388 tenterie
473 347 521 386 et
583 340 779 386 firmam
839 346 965 402 patri
1023 341 1354 390 circumdedit
1407 343 1698 393 custediam.

97 429 356 476 Terentius
388 436 491 475 tum
529 427 765 476 destricte>
805 433 921 476 ense
958 427 1022 476 ad
1059 430 1241 477 lectum
1284 432 1490 493 Pompei
1532 449 1697 480 acces-

97 519 158 565 sit
184 518 443 579 multisque
469 517 647 565 ictibus
683 518 892 579 stregula
931 520 1184 580 percussit.
1258 520 1380 567 Orte
1418 536 1534 568 mox
1571 522 1697 570 sedi-

96 607 229 654 tiene
258 607 522 668 Pompeius
555 610 606 653 se
643 606 693 653 in
731 607 895 654 media
933 608 1147 655 coniecit
1185 609 1395 670 figmina,
1422 610 1697 672 militesque

95 696 447 743 tumultuantes
472 696 703 757 precibus
729 703 778 742 et
804 695 1013 743 lacrimis
1041 696 1250 757 pleca‘vit
1288 713 1346 744 ac
1380 697 1496 745 duci
1524 714 1732 755 recon-5

95 785 287 832 ciliewit.

162 873 357 921 Eedem
407 873 538 921 belle
583 874 848 935 Pompeius
892 878 1056 935 partes
1099 875 1258 922 Sullae
1302 880 1495 924 secutus
1534 876 1602 924 ita
1644 882 1696 925 se

92 963 255 1024 gessit,
306 971 358 1009 ut
406 963 468 1010 ab
518 966 578 1009 ee
629 963 842 1009 maxime
892 963 1187 1025 diligeretur.
1259 966 1429 1012 Annes
1489 970 1586 1013 tres
1647 975 1696 1014 et

92 1051 260 1113 viginti
295 1056 451 1110 netus,
483 1059 535 1097 ut
572 1051 730 1098 Sullae
769 1051 946 1098 auxilie
984 1057 1185 1111 veniret,
1224 1059 1415 1114 paterni
1451 1056 1694 1102 exercitiis

92 1140 318 1201 reliquias
338 1140 568 1201 conlegit,
590 1140 852 1201 statimque
880 1139 979 1187 dux
1004 1147 1187 1202 peritus
1213 1143 1411 1190 exstitit.
1482 1145 1693 1206 Megnus
1733 1170 1776 1194 10

91 1228 213 1276 illius
247 1228 380 1290 apud
412 1229 616 1275 militem
654 1244 808 1288 amor,
836 1235 1014 1291 megna
1050 1230 1183 1292 apud
1221 1236 1394 1279 omnes
1432 1233 1692 1280 admiretie

92 1318 180 1364 fuit
199 1334 212 1378 3
250 1318 406 1365 nullus
446 1323 490 1364 ei
532 1318 670 1365 labor
713 1317 897 1378 taedic'),
936 1319 1068 1366 nulla
1107 1319 1392 1382 defatigem—2
1437 1322 1690 1369 molestiae

92 1414 209 1454 erat.
295 1407 408 1455 Cibi
466 1411 662 1468 vinique
729 1413 1025 1469 temperans,
1078 1415 1238 1455 somni
1295 1425 1472 1471 parcus
1492 1428 1505 1470 3
1567 1411 1693 1458 inter

92 1496 267 1543 milites
304 1511 483 1558 corpus
520 1500 772 1555 exercens,
812 1513 925 1543 cum
963 1497 1204 1545 alacribus
1242 1499 1379 1557 saltu,
1407 1515 1519 1546 cum
1556 1500 1689 1547 vele—

91 1585 229 1633 cibus
276 1589 435 1644 cursu,
473 1601 587 1632 cum
634 1585 804 1633 validis
852 1586 1088 1634 luctande)
1138 1588 1372 1634 certetbat.
1448 1589 1578 1635 Tum
1625 1588 1689 1636 ad
1729 1610 1768 1648 15

91 1674 271 1722 Sullam
310 1674 403 1721 iter
437 1674 650 1722 intendit
687 1683 735 1721 et
771 1675 822 1721 in
860 1679 920 1722 ee
957 1675 1129 1723 itinere
1168 1680 1264 1723 tres
1301 1677 1516 1724 hostium
1553 1692 1687 1724 exer-

91 1763 215 1810 citiis
257 1771 340 1810 aut
382 1763 513 1811 fudit
554 1771 638 1811 aut
680 1763 772 1811 sibi
813 1763 1050 1811 adiunxit.
1125 1765 1288 1825 Quem
1329 1766 1413 1813 ubi
1456 1767 1585 1814 Sulla
1625 1766 1689 1813 ad

91 1855 143 1899 se
178 1852 420 1899 accedere
465 1852 648 1899 audivit
689 1853 1036 1914 egregiamque
1076 1854 1164 1901 sub
1203 1859 1347 1915 signis
1384 1855 1689 1902 iuventutem

91 1940 330 2002 adspexit,
363 1940 542 1988 desiliit
579 1957 639 1988 ex
676 1946 805 2003 eque)
844 1942 1236 2004 Pompeiumque
1275 1944 1496 1990 salutevit
1533 1945 1687 2006 impe-

90 2034 302 2077 rEterem
338 2039 386 2077 et
427 2035 601 2092 postea-t
640 2036 684 2077 ei
710 2030 928 2078 venienti
965 2032 1154 2079 solebat
1191 2032 1308 2079 sella
1343 2032 1604 2094 adsurgere
1641 2041 1689 2080 et
1725 2061 1771 2086 20

90 2126 241 2180 caput
265 2125 452 2180 aperire
480 2127 528 2166 et
555 2124 684 2180 eque
711 2119 1033 2180 descendere,
1062 2136 1210 2182 quem
1238 2120 1477 2168 honerem
1503 2122 1690 2169 nemini

42 2236 49 2243 ‹
89 2207 182 2254 nisi
220 2208 460 2270 Pompei&
499 2208 759 2256 tribuebat.

159 2298 336 2344 Postee
383 2298 647 2358 Pompeius
696 2297 746 2344 in
796 2297 1009 2345 Siciliam
1052 2298 1301 2359 profectus
1346 2307 1432 2358 est,
1476 2307 1530 2346 ut
1579 2315 1688 2347 eam

90 2390 118 2432 Ξ
147 2385 392 2445 Carbene3
421 2387 579 2434 Sullae
616 2386 831 2445 inimice,
860 2391 1154 2448 occupetam
1192 2388 1450 2450 reciperet.
1525 2388 1688 2436 Carbe

89 2475 476 2536 comprehensus
514 2483 563 2522 et
599 2475 662 2522 ad
702 2475 994 2537 Pompeium
1021 2476 1197 2524 ductus
1224 2485 1297 2524 est
1316 2495 1328 2537 3
1367 2493 1515 2539 quem
1543 2479 1686 2525 Pom·
1724 2499 1765 2536 25

114 2673 147 2698 2.
174 2661 279 2705 ense,
297 2663 438 2699 swerd.
934 2672 990 2710 15.
1019 2663 1218 2707 liictande,
1238 2664 1280 2699 in
1306 2664 1535 2712 wrestling:
1566 2668 1688 2700 certe.-

112 2735 146 2769 3.
173 2725 356 2770 stregula,
375 2725 553 2761 coverlet.
568 2749 579 2755 .
1066 2726 1146 2770 bat,
1165 2727 1264 2770 vied,
1285 2728 1503 2765 contended.

113 2787 146 2823 8.
173 2786 408 2832 diligeretur,
426 2799 507 2822 was
524 2787 646 2824 loved.
931 2799 988 2824 20.
1015 2788 1243 2835 adsurgere,
1263 2793 1300 2825 to
1319 2790 1409 2826 rise.

91 2859 146 2895 13.
173 2860 329 2895 parcus,
346 2850 520 2896 sparing,
539 2850 745 2886 moderate.
