1946 3116
487 127 727 190 Quintus
765 125 968 176 Fabius
1007 123 1296 175 Maximus
1609 132 1676 187 27

87 316 313 377 ligneam,
362 313 579 373 undique
629 312 773 358 clavis
831 314 1103 372 praeacfitis
1152 309 1434 355 horrentem
1483 315 1531 353 et
1579 314 1680 353 tam

87 411 356 465 angustam,
394 410 447 449 ut
486 405 676 448 Erectus
712 403 955 462 perpetua
992 401 1191 445 manare
1230 395 1678 458 c6ger5tur,incls1-

87 497 266 540 sErunt.
340 493 416 538 Ita
450 491 569 538 dum
602 490 781 537 fessum
816 503 1010 549 corpus,
1049 491 1363 548 quocumque
1402 484 1680 542 inclinabat,

88 582 292 630 stimulis
340 581 504 627 ferreis
554 578 848 636 confoditur,
898 577 1069 638 vigiliis
1119 583 1167 622 et
1220 574 1389 621 dolare
1447 572 1682 620 continuo

88 671 409 731 intere‘mptus
449 677 537 716 est.
611 669 709 714 Hic
747 667 835 714 fuit
871 666 1003 713 Atilii
1039 664 1216 726 Raguli
1252 663 1423 722 exitus,
1450 662 1555 723 ipsa
1590 666 1685 708 vita
1745 682 1761 720 5

88 759 261 806 clarior
289 767 337 806 et
362 757 621 806 inlr-istrion

356 973 486 1017 XV.
543 971 795 1025 Quintus
826 969 1049 1013 Fabius
1082 967 1409 1011 Maoeimus.

738 1087 927 1131 218—203
960 1092 1039 1121 Bc.

159 1198 425 1257 Hannibal,
476 1197 772 1245 Hamilcaris
822 1197 967 1254 filius,
1016 1210 1198 1242 novem
1253 1197 1408 1240 ann6s
1455 1197 1610 1248 natus,
1660 1209 1689 1239 a

91 1296 229 1350 patre
267 1293 357 1335 aris
394 1286 637 1345 admatus,
667 1286 836 1334 odium
874 1286 924 1332 in
962 1286 1214 1331 Ramanos
1251 1297 1468 1344 perenne
1500 1281 1686 1329 iaravit.

93 1378 235 1438 Quae
261 1381 336 1424 ras
361 1377 575 1424 maxima
600 1375 792 1423 vidatur
826 1374 1098 1422 concitasse
1136 1371 1411 1420 secundum
1450 1371 1687 1418 Panicum

92 1466 290 1514 bellum.
364 1467 495 1512 Nam
522 1469 715 1512 mortuo
744 1463 1028 1510 Hamilcare
1056 1461 1323 1520 Hannibal,
1352 1476 1548 1508 causam
1577 1459 1690 1508 belli
1728 1473 1771 1497 10

92 1559 348 1617 quaer-ans,
375 1556 658 1616 Saguntum,
684 1553 931 1600 civitatem
959 1551 1230 1613 Hispaniae
1258 1552 1493 1598 Romanis
1521 1548 1688 1597 foede-

93 1650 264 1703 ratam,
303 1644 491 1691 avertit.
565 1643 879 1708 Quapropter
918 1642 1083 1688 Rama
1120 1645 1251 1687 missi
1287 1647 1398 1687 sunt
1436 1638 1687 1700 Carthagi-

92 1749 205 1781 nem
233 1734 392 1794 lagati,
420 1737 503 1794 qui
529 1731 879 1789 Hannibalem,
905 1730 1022 1777 mali
1051 1734 1321 1788 auctarem,
1349 1735 1689 1790 exposcerent.

92 1823 548 1884 Tergiversantibus
587 1823 762 1868 Poenis
801 1820 1011 1881 Quintus
1050 1819 1245 1878 Fabius,
1270 1818 1525 1880 lagatianis
1562 1823 1688 1878 prin-

94 1927 228 1973 ceps,
256 1912 363 1958 sina
401 1926 461 1958 ex
499 1915 614 1971 toga
650 1910 797 1970 facta,
855 1909 1053 1966 “Hic,’'
1081 1907 1254 1969 inquit,
1283 1908 1469 1954 “vobis
1507 1906 1690 1954 bellum
1730 1924 1768 1963 15

95 2010 144 2048 et
191 2006 367 2062 pacem
415 2004 698 2061 portamus3
753 2006 914 2045 utrum
963 1997 1142 2058 placet,
1193 1996 1418 2044 samite.’'
1514 1996 1690 2043 Poenis

95 2089 235 2136 daret
270 2097 433 2136 utrum
469 2088 617 2135 vellet
653 2086 1084 2144 succlamantibus,
1121 2085 1300 2133 Fabius
1338 2089 1542 2132 excussa
1577 2089 1692 2145 toga

95 2179 278 2227 bellum
305 2182 356 2225 s‘e
382 2177 499 2224 dare
525 2177 659 2224 dixit.
733 2178 886 2223 Poeni
911 2175 1137 2236 accipere
1163 2178 1215 2221 s'e‘
1240 2173 1600 2235 responderunt
1626 2180 1688 2230 et,

94 2268 270 2328 quibus
307 2267 592 2328 acciperent
627 2265 814 2322 animis,
850 2264 1034 2311 eisdem
1074 2267 1126 2310 sa
1162 2267 1398 2325 gestaros.

164 2355 418 2403 Hannibal
443 2359 680 2416 superatis
707 2356 942 2413 Pyffinaei
967 2361 1015 2399 et
1040 2352 1237 2414 Alpium
1275 2352 1395 2414 iugis
1423 2351 1472 2397 in
1499 2339 1691 2398 Ttaliam
1727 2370 1772 2394 20

94 2446 241 2493 vanit.
315 2444 539 2492 Pfiblium
565 2443 846 2504 Scipit‘mem
884 2441 1016 2503 apud
1052 2443 1278 2488 Ticinum
1316 2455 1529 2499 amnem,
1555 2440 1688 2487 Sern-

96 2535 324 2596 pr6nium
364 2532 498 2594 apud
535 2532 782 2590 Trebiam,
822 2530 1115 2578 Flaminium
1159 2529 1292 2592 apud
1333 2530 1691 2576 Trasumanum

95 2624 257 2670 lacum
296 2622 582 2683 profligavit.

164 2711 410 2758 Adversus
445 2711 639 2757 hostem
665 2710 846 2756 totians
872 2714 1109 2756 victorem
1147 2714 1319 2755 missus
1359 2707 1569 2768 Quintus
1600 2707 1639 2752 F
1642 2721 1690 2752 a·

97 2800 204 2849 bius
235 2800 447 2848 dictator
486 2798 780 2846 Hannibalis
817 2798 1057 2859 impetum
1096 2802 1231 2844 mora
1268 2796 1408 2857 fragit
1427 2813 1439 2855 3
1478 2809 1691 2855 namque
1729 2809 1769 2847 25
