1946 3116
114 1155 157 1179 10

117 1604 156 1642 15

117 2057 163 2081 20

195 131 262 181 26
563 129 724 181 Urbis
759 130 972 181 Romae
1016 129 1138 182 Vm·
1175 129 1430 180 Illustres

192 319 390 366 deserte
435 323 568 380 agre,
609 322 710 364 nen
755 326 883 364 esset
927 316 1060 363 unde
1100 332 1225 364 uxor
1266 325 1325 363 -et
1369 317 1508 363 liberi
1551 317 1811 366 alerentur.

193 411 395 458 Senatus
454 413 671 469 acceptis
729 407 901 454 litteris
961 410 1051 465 res,
1117 411 1236 467 quas
1293 407 1512 468 Regulus
1568 413 1812 470 amiserat,

192 501 391 563 publica
416 498 629 560 peciinia
661 496 839 544 redimi
877 496 1028 555 iussit,
1058 496 1270 558 agellum
1310 498 1579 546 colendum
1617 501 1812 560 locavit,

192 592 426 638 alimenta
453 590 651 651 coniugi
678 605 735 636 ac
763 588 924 635 liberis
952 587 1194 649 praebuit.

259 682 477 744 Regulus
508 679 692 728 deinde
727 679 892 726 multis
934 679 1130 740 proeliis
1172 679 1655 742 Carthaginiensium
1694 686 1814 743 opes

193 771 420 820 contudit
453 776 636 832 eesque
673 775 849 831 pecem
890 778 1063 831 petere
1104 771 1283 833 coegit.
1361 772 1524 831 Quam
1563 787 1677 818 cum
1714 772 1813 818 Re-

192 863 331 924 gulus
368 862 535 921 nellet,
563 861 656 908 nisi
698 860 966 908 dfirissimis
1008 861 1404 920 coridicienibus,
1435 860 1568 920 dare,
1595 866 1623 908 a
1661 862 1813 908 Lace-

194 951 469 1000 daemoniis
495 953 564 999 illi
590 953 823 999 auxilium
852 953 1113 1014 petierunt.

264 1042 650 1090 Lacedaemonii
688 1043 1047 1104 Xanthippum,
1088 1042 1247 1089 virum
1293 1041 1408 1089 belli
1446 1041 1812 1103 peritissimum,

193 1131 257 1180 ad
301 1133 731 1195 Cartheginienses
782 1137 1034 1191 miserunt,
1075 1137 1103 1179 5.
1140 1137 1238 1193 que
1278 1132 1498 1193 Regulus
1541 1137 1697 1179 victus
1742 1139 1815 1178 est

193 1223 365 1270 ultime
413 1223 667 1285 pernicie,
725 1239 841 1270 nam
887 1222 987 1270 duo
1039 1230 1231 1269 tantum
1276 1222 1409 1268 milia
1452 1221 1709 1268 hominum
1754 1236 1815 1268 ex

195 1318 332 1361 omni
358 1315 587 1360 Remane
622 1314 842 1360 exerciti—1
882 1314 1169 1374 refugerunt
1209 1320 1257 1359 et
1298 1311 1516 1373 Regulus
1554 1311 1660 1373 ipse
1698 1326 1813 1372 cap-

194 1412 272 1451 tus
299 1411 347 1451 et
373 1404 421 1451 in
450 1419 701 1450 carcerem
731 1404 985 1450 coniectus
1014 1412 1101 1449 est.
1179 1401 1306 1448 Inde
1347 1403 1563 1448 Reman]
1602 1401 1665 1448 de
1703 1416 1813 1462 per-

196 1494 443 1541 mutandis
471 1499 674 1555 captivis
711 1499 883 1541 missus
923 1501 996 1540 est
1034 1493 1152 1540 date
1191 1491 1522 1550 ifireifirande,
1550 1499 1618 1550 ut,
1647 1496 1686 1538 si
1713 1495 1815 1538 nen

196 1584 523 1646 impetrasset,
552 1583 735 1630 rediret
761 1584 867 1645 ipse
895 1583 1265 1644 Carthaginem.
1332 1582 1430 1642 Qui
1455 1597 1569 1628 cum
1598 1582 1814 1628 Remam

197 1675 426 1733 venisset,
455 1673 685 1720 inductus
713 1673 764 1720 in
791 1679 1014 1720 sen-<itum
1043 1673 1278 1719 mandata
1317 1671 1576 1733 exposuit,
1617 1679 1812 1718 senten-

198 1764 319 1811 tiam
344 1768 407 1811 ne
434 1763 638 1822 diceret,
659 1764 902 1810 recsisavit
922 1781 934 1823 3
975 1779 1123 1824 quam
1151 1762 1236 1809 disi
1257 1761 1572 1808 isireisirande
1599 1761 1814 1808 hostium

199 1858 463 1912 teneretur,
492 1858 543 1900 se
570 1859 671 1901 nen
698 1869 804 1901 esse
836 1858 1130 1900 senaterem.
1206 1854 1371 1899 Ifissus
1410 1859 1579 1898 tamen
1617 1859 1812 1898 senten-

199 1944 320 1991 tiam
360 1943 542 2003 dicere,
583 1944 781 2005 negavit
822 1959 928 1990 esse
968 1943 1103 2001 utile,
1149 1947 1368 2004 captives
1413 1943 1609 1988 Poenes
1654 1940 1812 2000 reddi,

199 2035 306 2081 illes
334 2034 467 2081 enim
493 2034 838 2081 adulescentes
866 2048 972 2080 esse
1000 2041 1049 2079 et
1083 2032 1240 2080 bones
1273 2032 1442 2091 duces,
1471 2036 1523 2078 se
1561 2031 1658 2078 iam
1694 2035 1811 2078 cen-

201 2125 387 2171 fectum
426 2128 698 2171 senectute.
771 2124 923 2171 Ceius
962 2139 1077 2169 cum
1113 2123 1343 2170 valuisset
1381 2122 1660 2180 aucteriteis,
1696 2136 1811 2182 cap-

201 2218 285 2260 tivi
326 2218 504 2261 retenti
547 2222 672 2273 sunt,
713 2213 833 2275 ipse,
877 2229 991 2260 cum
1031 2213 1324 2260 retineretur
1366 2217 1394 2258 a
1435 2217 1723 2273 propinquis
1765 2218 1814 2257 et

201 2308 384 2362 amicis,
412 2312 581 2350 tamen
607 2303 957 2365 Carthaginem
983 2302 1130 2350 rediit
1149 2320 1162 2362 3
1198 2317 1361 2363 neque
1387 2306 1504 2348 vere
1531 2309 1648 2348 tunc
1674 2304 1811 2362 igne-

201 2393 355 2452 rabat‚
383 2397 436 2440 se
461 2392 525 2439 ad
552 2392 945 2439 &fidelissimum
973 2392 1171 2439 hostem
1199 2400 1248 2439 et
1273 2390 1336 2438 ad
1364 2396 1602 2452 exquisita
1629 2389 1812 2451 suppli-

147 2503 159 2512 ·
201 2484 279 2530 cia
325 2483 588 2545 proficisci,
638 2482 726 2530 sed
777 2482 1112 2530 iiisisirandum
1163 2481 1558 2528 censervandum
1609 2479 1812 2541 putavit.

203 2575 478 2620 Reversum
528 2572 959 2634 Carthaginienses
1010 2577 1146 2619 omni
1199 2571 1418 2617 crucietfi
1478 2573 1811 2628 necaverunt;

202 2663 447 2724 palpebris
489 2662 621 2709 enim
661 2668 860 2708 resectis
895 2661 1198 2722 aliquamdiu
1245 2659 1294 2704 in
1347 2660 1459 2706 loce
1498 2659 1813 2705 tenebricese

202 2756 467 2799 tenuerunt
487 2769 500 2811 3
540 2751 725 2798 deinde
764 2767 877 2797 cum
917 2751 987 2797 sel
1026 2758 1156 2797 esset
1191 2748 1579 2806 erdentissimus,
1607 2755 1813 2810 repente

204 2841 440 2889 eductum
479 2841 656 2887 intueri
694 2841 885 2886 caelum
924 2845 1225 2901 coegerunt,
1269 2842 1524 2899 postreme
1562 2838 1611 2883 in
1648 2853 1811 2883 arcam
