1946 3116
634 137 810 188 Gaius
848 138 925 187 M
918 156 950 187 a
957 138 1074 188 rins
1576 157 1645 209 49

48 324 184 370 essius
231 323 416 384 legetus
466 330 582 381 erat,
633 337 746 368 cum
795 322 858 369 ab
907 327 967 368 ee
1018 324 1232 369 Remam
1282 329 1453 372 missus
1503 335 1645 387 esset,

47 411 180 474 apud
211 412 448 473 populum
480 412 761 457 Remenum
793 411 1075 458 crimin-{itus
1110 419 1183 458 est
1216 412 1399 459 bellum
1433 414 1643 476 decere3

47 506 87 548 si
125 504 176 548 se
215 501 469 547 censulem
509 500 760 558 fecissent,
799 500 935 547 brevi
973 508 1198 561 tempore
1242 510 1324 548 aut
1359 509 1521 549 vivum
1565 512 1646 551 aut

48 598 295 637 mortuum
339 588 626 651 Iugurtham
669 593 721 635 se
770 588 820 634 in
868 594 1167 649 potesteoem
1216 591 1387 652 populi
1434 593 1647 639 Remeni

46 679 373 726 redectfirum.
459 679 633 738 Itaque
680 682 872 724 creetus
922 685 994 724 est
1043 679 1213 726 censul
1262 688 1311 727 et
1359 680 1408 726 in
1457 682 1647 728 Metelli

46 768 210 815 locum
242 767 484 814 suffectus.
557 766 748 812 Bellum
782 766 845 814 ab
879 767 960 813 ille
994 772 1230 829 prespere
1264 776 1498 830 coeptum
1533 774 1647 816 cen-

48 857 184 904 fecit.
275 856 511 917 Iugurtha
553 855 616 902 ad
658 857 895 904 Gaetfiles
941 857 1226 919 perfugerat
1269 862 1538 919 eerumque
1578 863 1647 905 re-

46 962 160 1008 gem
190 945 444 992 Bocchum
478 945 708 992 adversus
745 947 1002 993 Remenes
1040 952 1387 994 concitaverat.
1461 948 1645 995 Marius

48 1036 286 1084 Gaetfiles
322 1036 372 1083 et
408 1035 662 1083 Bocchum
698 1051 951 1098 aggressus
992 1035 1122 1083 fudit
1141 1053 1153 1095 3
1193 1036 1446 1083 castellum
1482 1036 1532 1082 in
1570 1052 1647 1083 ex-

48 1125 178 1172 celse
217 1130 322 1186 ripa
363 1125 594 1187 positum,
637 1125 720 1172 ubi
770 1125 888 1186 regii
936 1125 1150 1172 thesauri
1197 1133 1349 1183 erant,
1393 1129 1494 1172 nen
1542 1126 1645 1172 sine

49 1215 202 1262 multe
232 1215 398 1261 labere
434 1214 744 1276 expfign'avit.
818 1214 1060 1273 Bocchus,
1093 1214 1222 1262 belle
1257 1214 1492 1273 defessus,
1522 1215 1648 1276 lege-

48 1313 125 1352 tos
161 1303 226 1351 ad
264 1304 478 1351 Marium
513 1304 655 1362 misit,
693 1308 870 1364 picem
906 1307 1117 1350 erantes.
1191 1303 1321 1350 Sulla
1356 1311 1588 1363 quaestor
1621 1308 1648 1350 Ξ

49 1394 208 1441 Marie
248 1393 312 1441 ad
351 1397 517 1455 regem
561 1399 787 1440 remissus
834 1392 1035 1439 Bocche
1079 1392 1333 1453 persuesit,
1376 1398 1429 1438 ut
1478 1393 1645 1454 Iugur-

49 1483 184 1530 tham
235 1484 473 1530 Remanis
524 1481 754 1529 traderet.
864 1481 1098 1543 Iugurtha
1148 1481 1293 1542 igitur
1338 1481 1530 1528 vinctus
1583 1481 1645 1528 ad

49 1573 262 1620 Marium
305 1572 548 1619 deductus
592 1579 697 1631 est,
759 1586 907 1632 quem
951 1570 1138 1617 Marius
1181 1570 1486 1631 triumphans
1534 1578 1647 1618 ante

1686 1147 1728 1170 10

1686 1591 1726 1630 Ῑ5

49 1678 244 1709 currum
287 1663 386 1723 egit
429 1669 477 1709 et
519 1661 569 1708 in
617 1676 865 1708 carcerem
918 1665 1184 1708 caenesum
1234 1659 1443 1707 inclfisit.
1534 1660 1647 1720 Que
1708 1694 1711 1695 ν

48 1767 162 1799 cum
212 1751 446 1813 Iugurtha
493 1750 715 1798 detracta]
760 1757 894 1797 veste
944 1748 1296 1811 ingrederetur,
1343 1753 1397 1796 es
1445 1749 1646 1796 ridentis

48 1841 98 1888 in
146 1840 352 1888 modum
401 1840 649 1888 didfixisse
705 1846 753 1886 et
808 1842 1008 1900 stupens
1063 1838 1329 1898 similisque
1385 1837 1649 1898 desipienti

49 1931 346 1978 exclama-isse
391 1930 570 1977 fertur:
641 1930 814 1975 “Pre!
857 1943 1005 1988 quam
1049 1926 1277 1989 frigidum
1320 1934 1392 1973 est
1431 1934 1644 1973 vestrum

49 2020 279 2068 balneum
304 2021 354 2067 1’'
429 2021 600 2066 Paucis
640 2018 812 2066 diebus
850 2026 961 2078 post
999 2016 1048 2062 in
1086 2031 1282 2062 carcere
1321 2020 1523 2062 necems
1557 2023 1642 2061 est.

117 2109 301 2156 Marius
335 2117 447 2170 post
480 2109 662 2156 bellum
695 2106 1017 2154 Numidicum
1048 2105 1224 2152 iterum
1256 2104 1427 2151 censul
1457 2108 1647 2150 creetus

49 2199 331 2259 bellumque
366 2204 411 2245 ei
444 2202 615 2245 contre
645 2197 872 2245 Cimbres
910 2203 958 2242 et
987 2195 1239 2241 Teutones
1271 2193 1526 2240 decretum
1558 2201 1646 2239 est.

52 2288 124 2334 Hi
161 2293 276 2334 novi
312 2287 492 2346 hostes,
520 2287 582 2334 ab
620 2290 849 2333 extremis
889 2283 1184 2332 Germaniae
1223 2282 1406 2330 finibus
1439 2282 1646 2343 profugi,

50 2382 200 2424 noves
237 2376 380 2424 sedes
417 2375 736 2437 quaerebant,
777 2374 1058 2435 exclesique
1099 2371 1260 2420 Gallia
1308 2379 1357 2418 et
1407 2370 1649 2432 Hispenie

51 2482 164 2513 cum
201 2465 250 2512 in
283 2460 477 2512 Ttaliam
514 2464 849 2526 remigrarent,
887 2468 914 2510 zi
950 2464 1205 2520 Remenis,
1242 2468 1296 2508 ut
1336 2459 1520 2520 aliquid
1559 2459 1648 2506 sibi

51 2563 208 2602 terrae
262 2554 451 2612 darent,
503 2554 766 2615 petierunt.
869 2551 1087 2613 Repulsi,
1141 2549 1276 2612 quod
1330 2554 1649 2610 nequiverant

51 2644 297 2706 precibus,
347 2649 491 2690 armis
539 2651 708 2704 petere
759 2642 1077 2688 Censtituunt.
1170 2641 1292 2686 Tres
1343 2638 1494 2685 duces
1546 2638 1644 2683 Re-

53 2738 185 2779 meni
233 2733 446 2793 impeti-is
497 2732 814 2779 barbarerum
865 2735 966 2777 nen
1020 2728 1366 2776 sustinuerunt.
1461 2726 1648 2774 Omnes

53 2821 217 2882 fugati,
257 2825 388 2868 exuti
424 2826 607 2867 castris.
696 2808 874 2866 factum
914 2825 1016 2865 erat
1053 2817 1116 2864 de
1153 2816 1361 2877 imperie
1403 2816 1648 2872 Remene,

1683 2037 1728 2061 20
