1946 3116
201 62 230 98 2
581 44 741 98 Urbis
779 45 992 96 Romae
1036 44 1156 97 Vim·
1192 44 1447 95 Illustres

200 251 327 298 quae
359 240 530 282 mater.
604 232 844 281 Romulus
883 232 1050 280 statim
1087 237 1284 279 armatis
1323 232 1602 294 pastoribus
1636 233 1814 282 Albam

200 324 498 389 properavit.

270 417 469 463 Interea
496 416 712 462 Remum
737 413 952 461 latronos
978 411 1043 460 ad
1076 412 1328 460 Ami—ilium
1362 416 1532 475 rogem
1570 412 1814 476 perduxo-

200 514 326 565 runt,
366 521 481 553 eum
529 507 834 562 accfisantos,
873 503 1013 564 quasi
1064 502 1341 549 Numitoris
1391 507 1534 564 agros
1582 502 1813 551 infestare

143 615 159 653 5
200 597 370 645 solitus
397 571 525 643 esset
544 612 557 655 ,·
596 594 762 655 itaque
790 595 979 646 Remus
1018 598 1046 639 Ξ.
1082 597 1197 654 roge
1237 592 1489 639 Numitori
1525 591 1589 640 ad
1629 593 1813 655 suppli-

201 687 334 734 cium
368 685 573 733 traditus
607 692 680 732 est
699 701 712 744 ,·
751 691 800 730 at
829 698 944 729 cum
984 683 1230 742 Numitor,
1258 682 1590 730 adulescentis
1627 683 1815 730 vultum

201 776 536 835 considerans,
563 780 779 822 aetatem
811 773 1113 834 minimoque
1153 773 1380 820 servilem
1418 773 1641 821 indolem
1679 789 1815 821 com-

200 872 410 930 pararet,
458 865 592 913 haud
640 864 814 927 procul
864 871 967 910 erat
1037 869 1156 925 quin
1211 868 1452 925 nepotem
1506 868 1814 925 agnosceret.

202 958 334 1005 Nam
360 958 548 1004 Remus
575 956 672 1003 oris
698 956 1008 1002 lineamentis
1037 962 1140 1000 erat
1172 958 1315 1000 matri
1347 953 1622 1002 simillimus
1659 959 1814 1002 aetas-

122 1071 165 1096 10
201 1063 296 1110 que
335 1047 658 1109 expositionis
696 1045 1006 1107 temporibus
1050 1031 1370 1106 congruebat.
1446 1045 1520 1091 Ea
1569 1049 1646 1092 r'e‘s
1695 1044 1816 1092 dum

136 1203 138 1206 .
202 1138 476 1185 Numitoris
514 1137 734 1184 animum
774 1136 973 1182 anxium
1014 1142 1165 1193 tenet,
1203 1142 1408 1197 repente
1451 1136 1694 1183 Romulus
1738 1152 1814 1184 su-

201 1228 440 1291 pervenit,
468 1228 665 1275 fratrem
692 1227 881 1286 liberat,
911 1226 1212 1287 interempto
1241 1226 1439 1273 Amulio
1467 1242 1613 1274 avum
1641 1227 1815 1274 Numi-

157 1318 159 1320 ’
201 1323 360 1367 torem
386 1319 436 1365 in
462 1323 667 1381 rognum
694 1317 921 1366 restituit.

269 1408 468 1457 Deinde
495 1409 738 1457 Romulus
765 1417 813 1456 et
841 1410 1029 1456 Remus
1068 1409 1243 1457 urbem
1270 1408 1320 1455 in
1348 1407 1536 1456 eisdem
1571 1409 1706 1468 locis,
1733 1409 1818 1457 ubi

122 1509 165 1557 15‘
202 1500 412 1562 expositi
458 1500 642 1561 ubique
693 1499 890 1547 oducati
946 1507 1100 1558 erant,
1151 1497 1517 1559 condiderunt3
1571 1499 1659 1547 sed
1711 1505 1819 1547 orta

202 1590 328 1638 inter
383 1595 469 1638 eos
525 1590 864 1649 contentione,
914 1597 1022 1637 uter
1070 1593 1257 1637 nomen
1313 1605 1471 1637 novae
1521 1589 1630 1637 urbi
1677 1589 1819 1638 daret

203 1696 414 1743 eamque
451 1681 662 1743 imperio
698 1688 903 1743 regeret,
937 1680 1157 1742 auspicia
1194 1679 1524 1748 docrovorunt
1561 1679 1816 1728 adhibe‘re.

204 1771 392 1818 Remus
440 1771 576 1833 prior
623 1786 709 1818 sex
751 1771 983 1830 vulturos,
1029 1770 1272 1818 Romulus
1322 1775 1498 1832 postea
1546 1769 1818 1818 duodecim

201 1860 338 1909 vidit.
428 1862 506 1909 Sic
567 1861 825 1920 Romulus,
874 1865 1033 1908 victor
1095 1860 1314 1922 augurio,
1364 1860 1539 1908 urbem
1600 1861 1818 1908 Romam

121 1975 167 2000 20
202 1950 414 1999 vocavit.
488 1949 688 1998 Deinde
718 1966 878 1998 novae
912 1950 1022 1999 urbi
1056 1954 1221 1998 muros
1254 1948 1603 1997 circumdedit.
1678 1950 1818 2011 Quos

193 2040 410 2089 inridons
437 2056 552 2088 cum
590 2042 778 2088 Remus
817 2041 941 2088 salto
979 2040 1265 2098 traiecisset,
1294 2055 1408 2087 eum
1443 2045 1593 2087 iratus
1628 2040 1816 2087 Romu-

202 2131 276 2179 lus
300 2131 549 2178 interfecit
574 2130 646 2178 his
672 2131 934 2192 increpans
968 2130 1127 2178 verbis
1151 2148 1159 2177 :
1202 2134 1231 2154 “
1249 2131 1327 2178 Sic
1363 2129 1564 2189 deinde,
1594 2135 1815 2192 quicum-

204 2236 301 2282 que
344 2220 464 2268 alius
508 2220 745 2268 transiliet
794 2220 992 2268 moenia
1040 2222 1184 2268 mea!
1209 2221 1235 2240 ’'
1328 2220 1406 2267 Ita
1453 2219 1583 2267 solus
1632 2225 1817 2282 potitus

206 2317 280 2358 est
316 2309 527 2372 imperio
565 2310 824 2357 Romulus.

353 2468 431 2513 ΙΙ.
476 2467 792 2521 Romulus,
825 2468 1244 2512 Romanorum
1273 2470 1382 2511 rom
1406 2469 1666 2522 primus,

859 2579 1049 2620 753-715
1081 2578 1160 2607 ss-C·

124 2694 167 2734 ²5
275 2668 517 2716 Romulus
543 2668 811 2731 imaginem
844 2668 990 2741 urbis·
1015 2668 1169 2729 magis
1207 2683 1355 2729 quam
1385 2667 1560 2714 urbem
1596 2666 1816 2725 fecerat3

206 2757 398 2805 incolae
435 2757 658 2805 deerant.
733 2758 852 2804 Erat
884 2737 940 2803 in
976 2757 1203 2819 proximo
1242 2757 1379 2804 locus
1398 2774 1411 2816 3
1462 2756 1593 2802 hunc
1631 2756 1818 2818 asylum
