1946 3116
717 143 765 193 Α
774 161 902 194 neus
941 143 1191 194 Marcius
1718 160 1753 211 9

225 332 387 378 Roma
434 331 630 377 interim
679 332 829 377 crEvit
887 331 1041 378 Albae
1103 336 1283 390 ruinis;
1345 330 1620 392 duplicatus
1682 339 1755 378 est

156 420 333 466 civium
361 436 589 467 numerus
611 437 622 478 3
663 425 803 466 mons
831 420 1028 467 Caelius
1064 420 1172 467 urbi
1197 418 1394 466 additus
1432 428 1496 478 et,
1524 424 1622 480 quo
1661 420 1751 466 fre-

155 509 384 570 quentius
433 508 746 568 habitaretur,
797 524 907 555 eam
956 508 1128 556 sedem
1173 509 1344 555 Tullus
1401 508 1563 570 regiae
1621 508 1754 570 cepit

155 597 320 658 ibique
348 597 531 645 deinde
557 598 808 645 habitavit.
880 600 1150 644 Aucta-trum
1175 597 1350 644 virium
1377 597 1566 644 fiducia
1602 598 1754 643 {latus

157 687 338 735 bellum
379 688 565 734 Sabinis
614 686 802 734 indixit.
876 687 1161 734 Pestilentia
1206 691 1428 733 insecuta
1469 695 1573 745 est3
1625 686 1755 732 nulla

156 784 322 822 tamen
371 776 433 824 ab
482 782 624 823 armis
674 777 812 837 quies
861 775 1084 824 dabatur.
1181 775 1431 823 CrEdebat
1485 775 1616 821 enim
1670 778 1755 821 rex

157 865 416 912 bellicosus
454 865 720 912 salubriora
758 865 956 912 militiae
998 880 1147 925 quam
1191 863 1328 911 domi
1375 879 1481 910 esse
1524 864 1754 910 iuvenum

157 968 379 1014 corpora,
407 953 495 1001 sed
523 955 625 1015 ipse
651 970 849 1015 quoque
881 954 1112 1000 diuturno
1151 953 1326 1000 morbo
1365 960 1438 999 est
1473 952 1754 1013 implicitus.

155 1043 296 1089 Tune
334 1047 448 1089 vero
487 1043 613 1090 adeo
656 1043 794 1089 fracti
833 1043 974 1089 simul
1015 1058 1128 1088 cum
1169 1056 1376 1103 corpore
1416 1050 1526 1088 sunt
1564 1041 1756 1103 spiritfis

156 1131 222 1178 illi
272 1132 476 1190 feroces,
526 1140 577 1178 ut
626 1132 743 1178 nulli
794 1137 864 1178 rei
933 1132 1140 1194 posthac
1206 1130 1298 1177 nisi
1353 1135 1499 1177 sacris
1554 1145 1756 1191 operam

157 1220 311 1267 daret.
407 1222 705 1279 Memorant‚
745 1221 941 1267 Tullum
991 1220 1191 1266 fulmine
1240 1220 1392 1266 ictum
1441 1235 1555 1266 cum
1604 1218 1756 1266 domo

157 1309 498 1371 conflagrasse.
569 1310 737 1356 Tullus
779 1314 956 1371 magna
997 1309 1150 1371 gloria
1190 1309 1306 1357 belli
1348 1308 1566 1371 regnavit
1602 1312 1757 1357 annos

158 1397 282 1445 duos
321 1407 369 1445 et
409 1399 617 1460 triginta.

199 1600 268 1644 V.
311 1599 511 1643 Ancus
546 1600 832 1651 Bldrcz'us,
860 1600 1272 1643 Εόηιᾶηὸνῑωη
1302 1601 1410 1642 rex
1439 1601 1710 1653 quartus.

804 1723 994 1769 641—616
1026 1730 1101 1759 ΒΕ.

222 1839 366 1886 Tullo
393 1844 588 1886 mortuo
614 1841 806 1886 Ancum
834 1840 1076 1886 Marcium
1105 1844 1272 1901 regem
1304 1839 1515 1901 populus
1551 1839 1751 1886 creavit.

158 1929 353 1975 Numae
381 1929 609 1989 Pompilii
634 1933 789 1990 nepos
820 1930 985 1975 Ancus
1025 1928 1239 1975 Marcius
1278 1936 1394 1986 erat,
1423 1928 1670 1988 aequitate
1708 1935 1756 1975 et

156 2017 389 2078 religione
434 2021 524 2064 avo
569 2018 750 2065 similis.
821 2018 963 2064 Tune
1008 2018 1182 2075 Latini,
1225 2032 1338 2063 eum
1388 2016 1562 2077 quibus
1610 2017 1754 2063 Tullo

156 2110 390 2168 regnante
417 2106 568 2152 ictum
596 2105 770 2153 foedus
803 2114 918 2165 erat,
947 2106 1238 2152 sustulerant
1275 2106 1480 2164 animos,
1509 2113 1558 2152 et
1594 2105 1753 2152 incur-

156 2195 346 2242 sic->nem
373 2195 420 2240 in
447 2211 617 2255 agrum
643 2197 925 2241 Romanum
952 2194 1191 2241 fecerunt.
1263 2196 1442 2253 Ancus,
1469 2194 1754 2256 priusquam

157 2289 224 2330 eis
272 2284 456 2330 bellum
504 2283 759 2342 indiceret,
799 2284 1013 2344 legatum
1063 2283 1209 2341 misit,
1247 2289 1331 2344 qui
1373 2287 1448 2330 res
1490 2292 1752 2345 repeteret,

156 2388 368 2433 eumque
396 2377 586 2419 morem
612 2377 796 2433 posteri
820 2376 1134 2433 acceperunt.
1202 2372 1262 2419 Id
1289 2380 1453 2419 autem
1480 2372 1574 2418 hoc
1601 2372 1753 2419 modo

156 2461 323 2508 fiebat.
398 2462 623 2522 Lege—itus,
651 2461 734 2508 ubi
760 2460 824 2508 ad
851 2461 979 2508 fines
1017 2466 1188 2508 eorum
1223 2461 1373 2520 vemt,
1400 2465 1428 2507 a
1462 2462 1639 2521 quibus
1677 2465 1753 2508 rf‘3s

156 2559 458 2611 repetuntur,
486 2551 647 2611 eapite
674 2551 848 2610 velato,
906 2549 1093 2609 “Audi,
1123 2551 1392 2612 Iuppiter‚’'
1420 2550 1592 2611 inquit,
1620 2553 1649 2574 “
1670 2565 1750 2596 au-

156 2638 272 2697 dite,
324 2639 450 2686 fines
499 2639 639 2686 huius
688 2640 874 2700 populi.
970 2641 1078 2701 Ego
1128 2655 1235 2686 sum
1285 2639 1508 2700 piiblieus
1557 2639 1751 2686 nuntius

156 2728 326 2788 populi
352 2729 566 2775 Romani
585 2746 597 2787 3
634 2729 793 2775 verbis
825 2734 945 2775 meis
988 2728 1109 2775 fides
1147 2728 1256 2775 sit.'’
1330 2727 1526 2775 Deinde
1564 2713 1752 2789 peragit

1796 1149 1839 1174 10

1795 1951 1834 1990 Ῑ5

1790 2396 1835 2420 20

156 2818 416 2878 postulata.
489 2819 535 2864 Si
572 2821 671 2863 non
708 2816 956 2864 deduntur
993 2822 1082 2876 ῐέε,
1121 2822 1240 2878 quas
1284 2817 1522 2877 exposcit,
1562 2816 1750 2864 hastam
1787 2836 1829 2876 25
